fiscal_date_ending,total_assets,total_current_assets,cash_and_cash_equivalents,cash_and_short_term_investments,inventory,current_net_receivables,total_non_current_assets,property_plant_equipment,accumulated_depreciation_amortization_ppe,intangible_assets,intangible_assets_excluding_goodwill,goodwill,investments,long_term_investments,short_term_investments,other_current_assets,other_non_current_assets,total_liabilities,total_current_liabilities,current_accounts_payable,deferred_revenue,current_debt,short_term_debt,total_non_current_liabilities,capital_lease_obligations,long_term_debt,current_long_term_debt,long_term_debt_non_current,short_long_term_debt_total,other_current_liabilities,other_non_current_liabilities,total_shareholder_equity,treasury_stock,retained_earnings,common_stock,common_stock_shares_outstanding,gross_profit,total_revenue,cost_of_revenue,cost_of_goods_and_services_sold,operating_income,selling_general_and_administrative,research_and_development,operating_expenses,investment_income_net,net_interest_income,interest_income,interest_expense,non_interest_income,other_non_operating_income,depreciation,depreciation_and_amortization,income_before_tax,income_tax_expense,interest_and_debt_expense,net_income_from_continuing_operations,comprehensive_income_net_of_tax,ebit,ebitda,net_income,operating_cashflow,payments_for_operating_activities,proceeds_from_operating_activities,change_in_operating_liabilities,change_in_operating_assets,depreciation_depletion_and_amortization,capital_expenditures,change_in_receivables,change_in_inventory,profit_loss,cashflow_from_investment,cashflow_from_financing,proceeds_from_repayments_of_short_term_debt,payments_for_repurchase_of_common_stock,payments_for_repurchase_of_equity,payments_for_repurchase_of_preferred_stock,dividend_payout,dividend_payout_common_stock,dividend_payout_preferred_stock,proceeds_from_issuance_of_common_stock,proceeds_from_issuance_of_long_term_debt_and_capital_securities_net,proceeds_from_issuance_of_preferred_stock,proceeds_from_repurchase_of_equity,proceeds_from_sale_of_treasury_stock,change_in_cash_and_cash_equivalents,change_in_exchange_rate
2010-06-30,4955000000.0,3313000000.0,1084000000.0,1084000000.0,581000000.0,,1642000000.0,755000000.0,,387000000.0,64000000.0,323000000.0,,148000000.0,812000000.0,111000000.0,352000000.0,4203000000.0,1630000000.0,409000000.0,,,3000000.0,2573000000.0,,2418000000.0,,,2580000000.0,35000000.0,154000000.0,752000000.0,99000000.0,-5725000000.0,7000000.0,674000000.0,,,,,,,,,,,,,,,,,,,,,,,,,-98000000.0,,,,,100000000.0,31000000.0,,4000000.0,-43000000.0,516000000.0,24000000.0,,,,,,,,4000000.0,,,15000000.0,,442000000.0,
2010-09-30,4595000000.0,3212000000.0,620000000.0,1726000000.0,622000000.0,,1383000000.0,723000000.0,,371000000.0,48000000.0,323000000.0,,,1106000000.0,99000000.0,289000000.0,3981000000.0,1665000000.0,464000000.0,,,3000000.0,2316000000.0,,2185000000.0,,,2397000000.0,21000000.0,102000000.0,614000000.0,102000000.0,-5843000000.0,7000000.0,681000000.0,739000000.0,1562000000.0,1131000000.0,879000000.0,128000000.0,236000000.0,359000000.0,667000000.0,3000000.0,-56000000.0,,56000000.0,,-6000000.0,,95000000.0,-117000000.0,1000000.0,56000000.0,-118000000.0,-113000000.0,128000000.0,223000000.0,-118000000.0,-124000000.0,,,,,16000000.0,31000000.0,,41000000.0,-118000000.0,-321000000.0,-19000000.0,,,,,,,,2000000.0,,,2000000.0,,-464000000.0,
2010-12-31,4964000000.0,3594000000.0,606000000.0,1789000000.0,632000000.0,,1370000000.0,700000000.0,1379000000.0,360000000.0,37000000.0,323000000.0,,,1183000000.0,205000000.0,347000000.0,3951000000.0,1674000000.0,376000000.0,254000000.0,,233000000.0,2277000000.0,,2188000000.0,,,2421000000.0,19000000.0,89000000.0,1013000000.0,102000000.0,-5468000000.0,7000000.0,683000000.0,743000000.0,1610000000.0,873000000.0,906000000.0,413000000.0,250000000.0,352000000.0,358000000.0,2000000.0,-39000000.0,,39000000.0,,14000000.0,,89000000.0,417000000.0,42000000.0,39000000.0,375000000.0,364000000.0,413000000.0,502000000.0,375000000.0,-213000000.0,,,-12000000.0,477000000.0,-7000000.0,38000000.0,465000000.0,10000000.0,375000000.0,-103000000.0,302000000.0,,,,,,,,6000000.0,,,14000000.0,,-14000000.0,
2011-03-31,5209000000.0,3411000000.0,602000000.0,602000000.0,648000000.0,,1798000000.0,676000000.0,,351000000.0,28000000.0,323000000.0,,486000000.0,1143000000.0,221000000.0,285000000.0,3651000000.0,1375000000.0,411000000.0,,,4000000.0,2276000000.0,,2192000000.0,,,2196000000.0,29000000.0,84000000.0,1558000000.0,104000000.0,-4958000000.0,7000000.0,687000000.0,691000000.0,1565000000.0,1183000000.0,922000000.0,54000000.0,261000000.0,367000000.0,676000000.0,3000000.0,-48000000.0,,48000000.0,,11000000.0,,88000000.0,512000000.0,2000000.0,48000000.0,510000000.0,511000000.0,560000000.0,142000000.0,510000000.0,-168000000.0,,,-32000000.0,195000000.0,5000000.0,38000000.0,189000000.0,16000000.0,510000000.0,-14000000.0,178000000.0,,,,,,,,9000000.0,,,16000000.0,,-4000000.0,
2011-06-30,5224000000.0,3438000000.0,554000000.0,554000000.0,642000000.0,,1786000000.0,686000000.0,1406000000.0,342000000.0,19000000.0,323000000.0,,486000000.0,1307000000.0,176000000.0,272000000.0,3583000000.0,1312000000.0,455000000.0,,,4000000.0,2271000000.0,,2195000000.0,,,2199000000.0,29000000.0,76000000.0,1641000000.0,106000000.0,-4897000000.0,7000000.0,691000000.0,720000000.0,1527000000.0,1093000000.0,854000000.0,105000000.0,239000000.0,367000000.0,653000000.0,2000000.0,-47000000.0,,47000000.0,,4000000.0,,80000000.0,64000000.0,3000000.0,47000000.0,61000000.0,60000000.0,111000000.0,191000000.0,61000000.0,174000000.0,,,-28000000.0,1000000.0,6000000.0,67000000.0,-2000000.0,-6000000.0,61000000.0,-230000000.0,8000000.0,,,,,,,,6000000.0,,,9000000.0,,-48000000.0,
2011-09-30,5236000000.0,3412000000.0,625000000.0,625000000.0,540000000.0,,1824000000.0,697000000.0,1425000000.0,334000000.0,11000000.0,323000000.0,,536000000.0,1182000000.0,157000000.0,257000000.0,3492000000.0,1855000000.0,467000000.0,,,489000000.0,1637000000.0,,1571000000.0,,,2060000000.0,27000000.0,66000000.0,1744000000.0,107000000.0,-4800000000.0,7000000.0,697000000.0,756000000.0,1648000000.0,1183000000.0,934000000.0,138000000.0,249000000.0,361000000.0,652000000.0,3000000.0,-42000000.0,,42000000.0,,-7000000.0,,79000000.0,92000000.0,-5000000.0,42000000.0,97000000.0,89000000.0,134000000.0,213000000.0,97000000.0,189000000.0,,,3000000.0,52000000.0,5000000.0,58000000.0,150000000.0,-102000000.0,97000000.0,34000000.0,-152000000.0,,,,,,,,2000000.0,,,2000000.0,,71000000.0,
2011-12-31,4954000000.0,3229000000.0,869000000.0,1765000000.0,476000000.0,919000000.0,1725000000.0,726000000.0,1470000000.0,331000000.0,8000000.0,323000000.0,,149000000.0,896000000.0,69000000.0,241000000.0,3364000000.0,1774000000.0,363000000.0,202000000.0,,489000000.0,1590000000.0,,2065000000.0,,,2016000000.0,72000000.0,63000000.0,1590000000.0,107000000.0,-4977000000.0,7000000.0,698000000.0,773000000.0,1648000000.0,1259000000.0,918000000.0,71000000.0,243000000.0,358000000.0,742000000.0,2000000.0,-43000000.0,,43000000.0,,-207000000.0,,70000000.0,-181000000.0,-4000000.0,43000000.0,-173000000.0,-174000000.0,-138000000.0,-68000000.0,-177000000.0,187000000.0,,,-91000000.0,-57000000.0,221000000.0,87000000.0,10000000.0,-65000000.0,-177000000.0,97000000.0,-40000000.0,,,,,,,,1000000.0,,,1000000.0,,244000000.0,
2012-03-31,4988000000.0,3195000000.0,1193000000.0,1544000000.0,585000000.0,962000000.0,1793000000.0,715000000.0,1484000000.0,662000000.0,109000000.0,553000000.0,,169000000.0,351000000.0,104000000.0,247000000.0,3936000000.0,2347000000.0,527000000.0,,,490000000.0,1589000000.0,,1529000000.0,,,2019000000.0,77000000.0,60000000.0,1052000000.0,107000000.0,-5567000000.0,7000000.0,700000000.0,27000000.0,1542000000.0,1859000000.0,1558000000.0,-580000000.0,230000000.0,368000000.0,712000000.0,2000000.0,-43000000.0,,43000000.0,,-1000000.0,,124000000.0,-622000000.0,-32000000.0,43000000.0,-590000000.0,-588000000.0,-579000000.0,-455000000.0,-590000000.0,107000000.0,,,187000000.0,162000000.0,6000000.0,40000000.0,40000000.0,-106000000.0,-590000000.0,200000000.0,17000000.0,,,,,,,,9000000.0,,,9000000.0,,324000000.0,
2012-06-30,5041000000.0,3233000000.0,1015000000.0,1579000000.0,833000000.0,744000000.0,1808000000.0,707000000.0,1514000000.0,658000000.0,105000000.0,553000000.0,,180000000.0,564000000.0,77000000.0,263000000.0,3924000000.0,2352000000.0,471000000.0,,,489000000.0,1572000000.0,,1532000000.0,,,2021000000.0,57000000.0,40000000.0,1117000000.0,108000000.0,-5530000000.0,7000000.0,707000000000000.0,638000000.0,1370000000.0,987000000.0,775000000.0,77000000.0,212000000.0,345000000.0,600000000.0,2000000.0,-43000000.0,,43000000.0,,-5000000.0,,65000000.0,31000000.0,-6000000.0,43000000.0,37000000.0,36000000.0,74000000.0,139000000.0,37000000.0,81000000.0,,,-142000000.0,34000000.0,4000000.0,39000000.0,-217000000.0,-249000000.0,37000000.0,-263000000.0,4000000.0,,,,,,,,3000000.0,,,3000000.0,,-178000000.0,
2012-09-30,4612000000.0,2815000000.0,776000000.0,1300000000.0,744000000.0,683000000.0,1797000000.0,685000000.0,1547000000.0,653000000.0,100000000.0,553000000.0,,180000000.0,524000000.0,88000000.0,279000000.0,3623000000.0,1555000000.0,412000000.0,,,5000000.0,2068000000.0,,2035000000.0,,,2040000000.0,46000000.0,33000000.0,989000000.0,109000000.0,-5687000000.0,7000000.0,712000000.0,392000000.0,1225000000.0,1068000000.0,877000000.0,-131000000.0,188000000.0,328000000.0,563000000.0,2000000.0,-44000000.0,,44000000.0,,16000000.0,,66000000.0,-157000000.0,0.0,44000000.0,-157000000.0,-154000000.0,-113000000.0,-65000000.0,-157000000.0,-240000000.0,,,-107000000.0,-154000000.0,4000000.0,32000000.0,-60000000.0,89000000.0,-157000000.0,-10000000.0,11000000.0,,,,,,,,0.0,,,6000000.0,,-239000000.0,
2012-12-31,4000000000.0,2265000000.0,549000000.0,1002000000.0,562000000.0,630000000.0,1735000000.0,658000000.0,1560000000.0,649000000.0,96000000.0,553000000.0,,181000000.0,453000000.0,142000000.0,247000000.0,3462000000.0,1397000000.0,278000000.0,,,5000000.0,2065000000.0,,2019000000.0,,2019000000.0,2042000000.0,63000000.0,28000000.0,538000000.0,109000000.0,-6160000000.0,7000000.0,713000000.0,178000000.0,1110000000.0,1260000000.0,977000000.0,-422000000.0,193000000.0,313000000.0,641000000.0,2000000.0,-45000000.0,,45000000.0,,-4000000.0,,66000000.0,-469000000.0,4000000.0,45000000.0,-473000000.0,-475000000.0,-424000000.0,-356000000.0,-473000000.0,-286000000.0,,,-170000000.0,-217000000.0,4000000.0,22000000.0,-53000000.0,349000000.0,-473000000.0,54000000.0,5000000.0,,,,,,,,2000000.0,,,7000000.0,,-227000000.0,
2013-03-31,3797000000.0,2338000000.0,441000000.0,1003000000.0,613000000.0,645000000.0,1459000000.0,411000000.0,1506000000.0,645000000.0,92000000.0,553000000.0,,180000000.0,562000000.0,154000000.0,223000000.0,3382000000.0,1321000000.0,301000000.0,,,5000000.0,2061000000.0,,2023000000.0,,,2044000000.0,43000000.0,22000000.0,415000000.0,109000000.0,-6306000000.0,7000000.0,714000000.0,445000000.0,1092000000.0,935000000.0,643000000.0,-98000000.0,179000000.0,312000000.0,600000000.0,1000000.0,-44000000.0,,44000000.0,48000000.0,-3000000.0,,66000000.0,-144000000.0,2000000.0,44000000.0,-146000000.0,-147000000.0,-100000000.0,-32000000.0,-146000000.0,-155000000.0,,,-12000000.0,-60000000.0,6000000.0,20000000.0,-14000000.0,-52000000.0,-146000000.0,47000000.0,0.0,,,,,,,,1000000.0,,,1000000.0,,-108000000.0,
2013-06-30,3897000000.0,2458000000.0,334000000.0,968000000.0,711000000.0,670000000.0,1439000000.0,402000000.0,1470000000.0,640000000.0,87000000.0,553000000.0,,149000000.0,634000000.0,218000000.0,248000000.0,3538000000.0,1451000000.0,402000000.0,,,5000000.0,2087000000.0,,2042000000.0,,2027000000.0,2047000000.0,26000000.0,45000000.0,359000000.0,110000000.0,-6380000000.0,7000000.0,720000000.0,459000000.0,1119000000.0,882000000.0,702000000.0,-29000000.0,171000000.0,308000000.0,530000000.0,2000000.0,-42000000.0,,42000000.0,-1000000.0,-2000000.0,,59000000.0,-71000000.0,3000000.0,42000000.0,-74000000.0,-76000000.0,-29000000.0,30000000.0,-74000000.0,-35000000.0,,,115000000.0,-161000000.0,4000000.0,28000000.0,-25000000.0,-97000000.0,-74000000.0,-74000000.0,2000000.0,,,,,,,,1000000.0,,,3000000.0,,-107000000.0,
2013-09-30,4317000000.0,2939000000.0,543000000.0,1060000000.0,922000000.0,873000000.0,1378000000.0,358000000.0,1408000000.0,635000000.0,82000000.0,553000000.0,,121000000.0,517000000.0,168000000.0,264000000.0,3883000000.0,1762000000.0,574000000.0,,,5000000.0,2121000000.0,,2044000000.0,,2031000000.0,2049000000.0,21000000.0,77000000.0,434000000.0,111000000.0,-6332000000.0,7000000.0,723000000.0,521000000.0,1414000000.0,1078000000.0,940000000.0,95000000.0,155000000.0,288000000.0,473000000.0,1000000.0,-47000000.0,,47000000.0,-17000000.0,2000000.0,,57000000.0,51000000.0,3000000.0,47000000.0,48000000.0,52000000.0,98000000.0,152000000.0,48000000.0,21000000.0,,,248000000.0,-448000000.0,5000000.0,15000000.0,-203000000.0,-211000000.0,48000000.0,186000000.0,2000000.0,,,,,,,,1000000.0,,,5000000.0,,209000000.0,
2013-12-31,4337000000.0,2884000000.0,869000000.0,1097000000.0,884000000.0,832000000.0,1453000000.0,346000000.0,1387000000.0,631000000.0,78000000.0,553000000.0,,90000000.0,228000000.0,71000000.0,386000000.0,3793000000.0,1618000000.0,519000000.0,145000000.0,,55000000.0,2175000000.0,,1998000000.0,,1986000000.0,2058000000.0,894000000.0,177000000.0,544000000.0,112000000.0,-6243000000.0,7000000.0,725000000.0,553000000.0,1545000000.0,1209000000.0,1036000000.0,135000000.0,169000000.0,293000000.0,510000000.0,1000000.0,-44000000.0,,44000000.0,-62000000.0,-2000000.0,,54000000.0,90000000.0,1000000.0,44000000.0,89000000.0,89000000.0,134000000.0,189000000.0,89000000.0,21000000.0,,,-85000000.0,1294000000.0,204000000.0,21000000.0,442000000.0,682000000.0,89000000.0,296000000.0,9000000.0,,,,,,,,0.0,,,5000000.0,,326000000.0,
2014-03-31,4108000000.0,2690000000.0,554000000.0,902000000.0,869000000.0,840000000.0,1418000000.0,337000000.0,1388000000.0,628000000.0,75000000.0,553000000.0,,80000000.0,348000000.0,158000000.0,373000000.0,3597000000.0,1384000000.0,483000000.0,,,55000000.0,2213000000.0,,2078000000.0,,2068000000.0,2138000000.0,695000000.0,135000000.0,511000000.0,114000000.0,-6263000000.0,8000000.0,762000000.0,487000000.0,1365000000.0,1119000000.0,910000000.0,49000000.0,156000000.0,279000000.0,520000000.0,1000000.0,-47000000.0,,47000000.0,15000000.0,-20000000.0,,53000000.0,-18000000.0,2000000.0,32000000.0,-20000000.0,-21000000.0,29000000.0,102000000.0,-20000000.0,-204000000.0,,,-124000000.0,6000000.0,9000000.0,21000000.0,-8000000.0,14000000.0,-20000000.0,-131000000.0,20000000.0,,,,,,,,1000000.0,,,1000000.0,,-315000000.0,
2014-06-30,4246000000.0,2932000000.0,503000000.0,948000000.0,960000000.0,872000000.0,1314000000.0,329000000.0,1400000000.0,625000000.0,72000000.0,553000000.0,,,445000000.0,304000000.0,360000000.0,3745000000.0,1505000000.0,511000000.0,,,96000000.0,2240000000.0,,2109000000.0,,2100000000.0,2210000000.0,775000000.0,131000000.0,501000000.0,114000000.0,-6299000000.0,8000000.0,765000000.0,498000000.0,1395000000.0,1101000000.0,943000000.0,63000000.0,154000000.0,277000000.0,481000000.0,0.0,-46000000.0,,46000000.0,-79000000.0,-49000000.0,,53000000.0,-32000000.0,4000000.0,46000000.0,-36000000.0,-32000000.0,14000000.0,116000000.0,-36000000.0,-28000000.0,,,-2000000.0,-122000000.0,4000000.0,23000000.0,-32000000.0,62000000.0,-36000000.0,-43000000.0,20000000.0,,,,,,,,1000000.0,,,3000000.0,,-51000000.0,
2014-09-30,4325000000.0,3020000000.0,640000000.0,938000000.0,897000000.0,973000000.0,1305000000.0,328000000.0,1412000000.0,622000000.0,69000000.0,553000000.0,,,298000000.0,424000000.0,355000000.0,3790000000.0,1566000000.0,498000000.0,94000000.0,,97000000.0,2224000000.0,,2106000000.0,,2100000000.0,97000000.0,872000000.0,118000000.0,535000000.0,118000000.0,-6282000000.0,8000000.0,775000000.0,494000000.0,1386000000.0,1088000000.0,935000000.0,63000000.0,150000000.0,278000000.0,431000000.0,1000000.0,-43000000.0,,43000000.0,0.0,-1000000.0,,49000000.0,19000000.0,2000000.0,43000000.0,17000000.0,15000000.0,62000000.0,112000000.0,17000000.0,18000000.0,,,26000000.0,-198000000.0,139000000.0,29000000.0,-104000000.0,-62000000.0,17000000.0,119000000.0,0.0,,,,,,,,2000000.0,,,5000000.0,,137000000.0,
2014-12-31,3767000000.0,2736000000.0,805000000.0,1040000000.0,685000000.0,818000000.0,1031000000.0,302000000.0,1378000000.0,385000000.0,65000000.0,320000000.0,,3000000.0,235000000.0,48000000.0,344000000.0,3580000000.0,1440000000.0,415000000.0,72000000.0,,172000000.0,2140000000.0,,2035000000.0,42000000.0,2025000000.0,4352000000.0,40000000.0,105000000.0,187000000.0,119000000.0,-6646000000.0,8000000.0,776000000.0,360000000.0,1198000000.0,1260000000.0,879000000.0,-330000000.0,144000000.0,238000000.0,619000000.0,1000000.0,136000000.0,177000000.0,41000000.0,3000000.0,4000000.0,,48000000.0,-367000000.0,-3000000.0,41000000.0,-364000000.0,-368000000.0,-326000000.0,-282000000.0,-364000000.0,116000000.0,,,-131000000.0,115000000.0,48000000.0,22000000.0,137000000.0,-213000000.0,-364000000.0,43000000.0,6000000.0,,,,,,,,-4000000.0,,,3000000.0,,165000000.0,
2015-03-31,3428000000.0,2497000000.0,677000000.0,906000000.0,688000000.0,771000000.0,931000000.0,297000000.0,1381000000.0,320000000.0,0.0,320000000.0,,,229000000.0,132000000.0,314000000.0,3411000000.0,1292000000.0,381000000.0,61000000.0,,230000000.0,2119000000.0,,2033000000.0,,2025000000.0,230000000.0,615000000.0,86000000.0,17000000.0,120000000.0,-6826000000.0,8000000.0,778000000.0,326000000.0,990000000.0,881000000.0,704000000.0,-137000000.0,131000000.0,242000000.0,419000000.0,,-40000000.0,,40000000.0,0.0,0.0,,46000000.0,-177000000.0,3000000.0,40000000.0,-180000000.0,-187000000.0,-137000000.0,-91000000.0,-180000000.0,-172000000.0,,,-124000000.0,24000000.0,46000000.0,22000000.0,46000000.0,6000000.0,-180000000.0,-15000000.0,59000000.0,,,,,,,,0.0,,,4000000.0,,-128000000.0,
2015-06-30,3381000000.0,2451000000.0,829000000.0,829000000.0,799000000.0,687000000.0,930000000.0,289000000.0,1373000000.0,320000000.0,0.0,320000000.0,,,,136000000.0,321000000.0,3522000000.0,1399000000.0,454000000.0,51000000.0,,230000000.0,2123000000.0,,2034000000.0,,2025000000.0,230000000.0,659000000.0,89000000.0,-141000000.0,121000000.0,-7007000000.0,8000000.0,779000000.0,232000000.0,902000000.0,844000000.0,710000000.0,-137000000.0,134000000.0,235000000.0,369000000.0,,-40000000.0,,40000000.0,0.0,-3000000.0,,45000000.0,-180000000.0,1000000.0,40000000.0,-181000000.0,-174000000.0,-140000000.0,-92000000.0,-181000000.0,-57000000.0,,,38000000.0,37000000.0,45000000.0,17000000.0,-175000000.0,111000000.0,-181000000.0,211000000.0,-2000000.0,,,,,,,,1000000.0,,,0.0,,152000000.0,
2015-09-30,3229000000.0,2466000000.0,755000000.0,755000000.0,761000000.0,648000000.0,800000000.0,194000000.0,1355000000.0,283000000.0,0.0,283000000.0,,,,219000000.0,286000000.0,3565000000.0,1449000000.0,388000000.0,60000000.0,,230000000.0,2116000000.0,,2030000000.0,,2025000000.0,230000000.0,137000000.0,86000000.0,-336000000.0,122000000.0,-7204000000.0,8000000.0,790000000.0,239000000.0,1022000000.0,930000000.0,822000000.0,-158000000.0,108000000.0,241000000.0,349000000.0,,-39000000.0,,39000000.0,0.0,0.0,,42000000.0,-197000000.0,0.0,39000000.0,-197000000.0,-207000000.0,-158000000.0,-116000000.0,-197000000.0,-56000000.0,,,12000000.0,-19000000.0,42000000.0,25000000.0,-35000000.0,-24000000.0,-197000000.0,-17000000.0,-1000000.0,,,,,,,,-1000000.0,,,0.0,,-74000000.0,
2015-12-31,3084000000.0,2320000000.0,785000000.0,785000000.0,678000000.0,533000000.0,789000000.0,188000000.0,796000000.0,278000000.0,0.0,278000000.0,,7000000.0,,248000000.0,298000000.0,3434000000.0,1403000000.0,279000000.0,53000000.0,,230000000.0,2118000000.0,,2237000000.0,2237000000.0,2007000000.0,2467000000.0,124000000.0,86000000.0,-350000000.0,123000000.0,-7306000000.0,8000000.0,792000000.0,283000000.0,917000000.0,784000000.0,675000000.0,-49000000.0,109000000.0,229000000.0,338000000.0,,119000000.0,160000000.0,41000000.0,0.0,-2000000.0,,34000000.0,-92000000.0,10000000.0,41000000.0,-102000000.0,-95000000.0,-51000000.0,-15000000.0,-102000000.0,59000000.0,,,-82000000.0,-200000000.0,34000000.0,32000000.0,-116000000.0,-82000000.0,-102000000.0,-32000000.0,3000000.0,,,,,,,,0.0,,,4000000.0,,30000000.0,
2016-03-31,2981000000.0,2226000000.0,716000000.0,716000000.0,675000000.0,508000000.0,755000000.0,176000000.0,807000000.0,245000000.0,245000000.0,278000000.0,,,,252000000.0,301000000.0,3484000000.0,1328000000.0,324000000.0,43000000.0,,230000000.0,2156000000.0,,2006000000.0,230000000.0,2002000000.0,460000000.0,151000000.0,150000000.0,-503000000.0,123000000.0,-7415000000.0,8000000.0,793000000.0,269000000.0,799000000.0,668000000.0,563000000.0,-68000000.0,105000000.0,242000000.0,347000000.0,,-40000000.0,,40000000.0,0.0,0.0,,33000000.0,-108000000.0,1000000.0,40000000.0,-109000000.0,-107000000.0,-68000000.0,-35000000.0,-109000000.0,-42000000.0,,,-27000000.0,-51000000.0,33000000.0,26000000.0,-26000000.0,-3000000.0,-109000000.0,-26000000.0,-1000000.0,,,,,,,,,,,,,-69000000.0,
2016-06-30,3316000000.0,2506000000.0,957000000.0,957000000.0,743000000.0,671000000.0,810000000.0,169000000.0,781000000.0,231000000.0,231000000.0,289000000.0,62000000.0,62000000.0,,55000000.0,290000000.0,3729000000.0,1581000000.0,616000000.0,42000000.0,,226000000.0,2148000000.0,,2012000000.0,226000000.0,2002000000.0,429000000.0,61000000.0,136000000.0,-413000000.0,125000000.0,-7346000000.0,8000000.0,795000000.0,319000000.0,1012000000.0,825000000.0,708000000.0,-8000000.0,117000000.0,243000000.0,360000000.0,,-41000000.0,,41000000.0,0.0,150000000.0,,33000000.0,98000000.0,29000000.0,41000000.0,69000000.0,72000000.0,139000000.0,25000000.0,69000000.0,-85000000.0,,,280000000.0,372000000.0,33000000.0,21000000.0,164000000.0,69000000.0,69000000.0,329000000.0,-3000000.0,,,,,,,,0.0,,,0.0,,241000000.0,
2016-09-30,3616000000.0,2824000000.0,1258000000.0,1258000000.0,772000000.0,640000000.0,792000000.0,161000000.0,738000000.0,235000000.0,235000000.0,289000000.0,60000000.0,60000000.0,,78000000.0,282000000.0,3231000000.0,1473000000.0,582000000.0,54000000.0,,0.0,1758000000.0,,1632000000.0,,1630000000.0,-26000000.0,25000000.0,126000000.0,385000000.0,127000000.0,-7752000000.0,9000000.0,926000000.0,59000000.0,1290000000.0,1365000000.0,1248000000.0,-293000000.0,117000000.0,259000000.0,376000000.0,,-41000000.0,,41000000.0,-61000000.0,-63000000.0,,33000000.0,-402000000.0,4000000.0,41000000.0,-406000000.0,-406000000.0,-361000000.0,-260000000.0,-406000000.0,29000000.0,,,-102000000.0,14000000.0,33000000.0,9000000.0,-31000000.0,28000000.0,-406000000.0,-10000000.0,282000000.0,,,,,,,,667000000.0,,,668000000.0,,301000000.0,
2016-12-31,3321000000.0,2530000000.0,1264000000.0,1264000000.0,691000000.0,311000000.0,791000000.0,164000000.0,717000000.0,232000000.0,232000000.0,289000000.0,59000000.0,59000000.0,0.0,115000000.0,279000000.0,2844000000.0,1346000000.0,440000000.0,63000000.0,0.0,0.0,1559000000.0,,1435000000.0,1435000000.0,1435000000.0,1435000000.0,69000000.0,124000000.0,477000000.0,119000000.0,-7803000000.0,9000000.0,935000000.0,351000000.0,1103000000.0,876000000.0,797000000.0,-3000000.0,121000000.0,264000000.0,385000000.0,,124000000.0,158000000.0,34000000.0,-7000000.0,-7000000.0,,34000000.0,-46000000.0,5000000.0,34000000.0,-51000000.0,-54000000.0,-12000000.0,31000000.0,-51000000.0,179000000.0,,,-93000000.0,-318000000.0,34000000.0,21000000.0,-329000000.0,-46000000.0,-49000000.0,-16000000.0,-156000000.0,0.0,,,,110000000.0,110000000.0,,-1000000.0,101000000.0,,7000000.0,,6000000.0,
2017-03-31,3299000000.0,2498000000.0,722000000.0,722000000.0,839000000.0,,801000000.0,180000000.0,725000000.0,222000000.0,222000000.0,289000000.0,,58000000.0,221000000.0,118000000.0,274000000.0,2890000000.0,1372000000.0,529000000.0,,,714000000.0,1518000000.0,,1408000000.0,1408000000.0,1408000000.0,2122000000.0,67000000.0,110000000.0,409000000.0,99000000.0,-7876000000.0,9000000.0,942000000.0,378000000.0,1178000000.0,800000000.0,800000000.0,11000000.0,123000000.0,271000000.0,387000000.0,,-32000000.0,,32000000.0,-4000000.0,-5000000.0,,34000000.0,-28000000.0,5000000.0,32000000.0,-71000000.0,-32000000.0,4000000.0,5000000.0,-33000000.0,-299000000.0,,,60000000.0,348000000.0,34000000.0,23000000.0,395000000.0,-76000000.0,-71000000.0,-246000000.0,3000000.0,,,,,,,,,,,8000000.0,,-542000000.0,
2017-06-30,3370000000.0,2511000000.0,760000000.0,760000000.0,833000000.0,,859000000.0,200000000.0,730000000.0,253000000.0,253000000.0,289000000.0,,58000000.0,84000000.0,142000000.0,312000000.0,2953000000.0,1449000000.0,483000000.0,,42000000.0,42000000.0,1504000000.0,,1375000000.0,1417000000.0,1375000000.0,1417000000.0,48000000.0,129000000.0,417000000.0,105000000.0,-7892000000.0,9000000.0,947000000.0,386000000.0,1151000000.0,765000000.0,765000000.0,-1000000.0,127000000.0,285000000.0,404000000.0,,-32000000.0,,32000000.0,1151000000.0,-3000000.0,,35000000.0,-39000000.0,3000000.0,32000000.0,-13000000.0,-38000000.0,-7000000.0,60000000.0,-42000000.0,-82000000.0,,,-62000000.0,111000000.0,35000000.0,12000000.0,43000000.0,43000000.0,-13000000.0,124000000.0,-4000000.0,,,,,,,,,,,2000000.0,,38000000.0,
2017-09-30,3586000000.0,2699000000.0,879000000.0,879000000.0,794000000.0,797000000.0,887000000.0,236000000.0,742000000.0,248000000.0,248000000.0,289000000.0,57000000.0,57000000.0,2000000.0,157000000.0,305000000.0,3066000000.0,1591000000.0,472000000.0,72000000.0,70000000.0,70000000.0,1475000000.0,,1356000000.0,1426000000.0,1356000000.0,49000000.0,73000000.0,119000000.0,520000000.0,108000000.0,-7821000000.0,10000000.0,965000000.0,571000000.0,1584000000.0,1013000000.0,1013000000.0,119000000.0,132000000.0,320000000.0,447000000.0,,-31000000.0,,31000000.0,1584000000.0,-3000000.0,,36000000.0,83000000.0,22000000.0,31000000.0,71000000.0,63000000.0,114000000.0,162000000.0,61000000.0,69000000.0,,,2000000.0,126000000.0,36000000.0,34000000.0,22000000.0,28000000.0,71000000.0,51000000.0,2000000.0,28000000.0,,,,,,,0.0,0.0,,5000000.0,,119000000.0,
2017-12-31,3552000000.0,2634000000.0,1185000000.0,1185000000.0,694000000.0,400000000.0,918000000.0,261000000.0,740000000.0,239000000.0,239000000.0,289000000.0,58000000.0,58000000.0,0.0,191000000.0,310000000.0,2956000000.0,1513000000.0,384000000.0,22000000.0,70000000.0,29000000.0,1454000000.0,,1395000000.0,70000000.0,1325000000.0,1395000000.0,92000000.0,118000000.0,596000000.0,108000000.0,-7760000000.0,9000000.0,967000000.0,452000000.0,1449000000.0,1098000000.0,888000000.0,-2000000.0,134000000.0,320000000.0,433000000.0,,101000000.0,132000000.0,31000000.0,1340000000.0,2000000.0,,39000000.0,-31000000.0,-12000000.0,31000000.0,61000000.0,-15000000.0,-2000000.0,121000000.0,-19000000.0,324000000.0,,,-75000000.0,-368000000.0,39000000.0,44000000.0,-371000000.0,8000000.0,61000000.0,17000000.0,-34000000.0,,,,,,,,0.0,0.0,,5000000.0,,306000000.0,
2018-03-31,3763000000.0,2751000000.0,1045000000.0,1045000000.0,715000000.0,756000000.0,1012000000.0,290000000.0,694000000.0,308000000.0,308000000.0,289000000.0,57000000.0,57000000.0,3000000.0,168000000.0,376000000.0,3048000000.0,1697000000.0,456000000.0,147000000.0,223000000.0,223000000.0,1351000000.0,,1165000000.0,223000000.0,1165000000.0,-19000000.0,159000000.0,186000000.0,715000000.0,108000000.0,-7692000000.0,10000000.0,969000000.0,597000000.0,1615000000.0,1184000000.0,1050000000.0,120000000.0,134000000.0,343000000.0,477000000.0,,-31000000.0,,31000000.0,-1000000.0,1000000.0,,44000000.0,89000000.0,8000000.0,32000000.0,81000000.0,80000000.0,120000000.0,164000000.0,81000000.0,-107000000.0,,,39000000.0,271000000.0,44000000.0,46000000.0,284000000.0,21000000.0,81000000.0,-25000000.0,-8000000.0,0.0,,,,,,,0.0,0.0,,6000000.0,,-140000000.0,
2018-06-30,4103000000.0,3099000000.0,948000000.0,983000000.0,750000000.0,1492000000.0,1004000000.0,295000000.0,704000000.0,292000000.0,292000000.0,289000000.0,92000000.0,57000000.0,35000000.0,155000000.0,363000000.0,3224000000.0,1868000000.0,520000000.0,67000000.0,223000000.0,223000000.0,1356000000.0,,1170000000.0,223000000.0,1170000000.0,-18000000.0,73000000.0,186000000.0,879000000.0,109000000.0,-7576000000.0,10000000.0,975000000.0,652000000.0,1725000000.0,1246000000.0,1104000000.0,153000000.0,142000000.0,357000000.0,499000000.0,,-31000000.0,,31000000.0,1756000000.0,1000000.0,,42000000.0,122000000.0,6000000.0,31000000.0,116000000.0,103000000.0,153000000.0,195000000.0,116000000.0,-55000000.0,,,70000000.0,408000000.0,42000000.0,43000000.0,380000000.0,35000000.0,116000000.0,-68000000.0,28000000.0,0.0,,,,,,,0.0,0.0,,29000000.0,,116000000.0,
2018-09-30,4347000000.0,3314000000.0,1046000000.0,1056000000.0,738000000.0,1591000000.0,1033000000.0,318000000.0,718000000.0,274000000.0,274000000.0,289000000.0,68000000.0,58000000.0,10000000.0,200000000.0,368000000.0,3222000000.0,1878000000.0,508000000.0,3000000.0,136000000.0,136000000.0,1344000000.0,,1167000000.0,136000000.0,1167000000.0,-17000000.0,13000000.0,177000000.0,1125000000.0,67000000.0,-7474000000.0,10000000.0,999000000.0,661000000.0,1623000000.0,1140000000.0,992000000.0,150000000.0,148000000.0,363000000.0,511000000.0,,-30000000.0,,30000000.0,1653000000.0,-6000000.0,,41000000.0,114000000.0,12000000.0,24000000.0,102000000.0,102000000.0,144000000.0,191000000.0,102000000.0,76000000.0,7000000.0,,12000000.0,144000000.0,41000000.0,33000000.0,89000000.0,-12000000.0,102000000.0,11000000.0,8000000.0,,,,,,,,,,,9000000.0,,102000000.0,
2018-12-31,4556000000.0,3540000000.0,1078000000.0,1156000000.0,845000000.0,1235000000.0,1016000000.0,348000000.0,707000000.0,226000000.0,226000000.0,289000000.0,136000000.0,58000000.0,78000000.0,195000000.0,321000000.0,3290000000.0,1984000000.0,834000000.0,22000000.0,136000000.0,136000000.0,1317000000.0,,1250000000.0,136000000.0,1114000000.0,1250000000.0,24000000.0,192000000.0,1266000000.0,50000000.0,-7436000000.0,10000000.0,1005000000.0,537000000.0,1390000000.0,1020000000.0,882000000.0,28000000.0,138000000.0,371000000.0,509000000.0,,110000000.0,139000000.0,29000000.0,1419000000.0,4000000.0,,43000000.0,3000000.0,-35000000.0,29000000.0,38000000.0,40000000.0,32000000.0,71000000.0,38000000.0,120000000.0,72000000.0,,86000000.0,213000000.0,43000000.0,41000000.0,53000000.0,107000000.0,38000000.0,-88000000.0,0.0,,,,,,,,0.0,0.0,,26000000.0,,38000000.0,
2019-03-31,4931000000.0,3677000000.0,978000000.0,1194000000.0,955000000.0,1644000000.0,1254000000.0,377000000.0,724000000.0,222000000.0,222000000.0,289000000.0,273000000.0,57000000.0,216000000.0,172000000.0,317000000.0,3143000000.0,1764000000.0,484000000.0,2000000.0,70000000.0,108000000.0,1166000000.0,251000000.0,1024000000.0,70000000.0,1024000000.0,-14000000.0,45000000.0,142000000.0,1788000000.0,48000000.0,-7420000000.0,11000000.0,1082000000.0,521000000.0,1291000000.0,921000000.0,751000000.0,38000000.0,170000000.0,373000000.0,549000000.0,,-27000000.0,,27000000.0,1258000000.0,-7000000.0,,46000000.0,3000000.0,-13000000.0,35000000.0,16000000.0,23000000.0,30000000.0,84000000.0,16000000.0,-213000000.0,,,-127000000.0,126000000.0,46000000.0,62000000.0,5000000.0,110000000.0,16000000.0,-173000000.0,286000000.0,,,,,,,,,,,450000000.0,,-100000000.0,
2019-06-30,5102000000.0,3754000000.0,963000000.0,1128000000.0,1015000000.0,1731000000.0,1348000000.0,458000000.0,745000000.0,231000000.0,231000000.0,289000000.0,223000000.0,58000000.0,165000000.0,278000000.0,331000000.0,3201000000.0,1804000000.0,828000000.0,2000000.0,0.0,38000000.0,1397000000.0,249000000.0,1031000000.0,38000000.0,1031000000.0,-14000000.0,48000000.0,155000000.0,1901000000.0,50000000.0,-7385000000.0,11000000.0,1086000000.0,621000000.0,1506000000.0,1099000000.0,910000000.0,59000000.0,189000000.0,373000000.0,562000000.0,,-25000000.0,,25000000.0,1531000000.0,3000000.0,,70000000.0,37000000.0,2000000.0,25000000.0,35000000.0,36000000.0,62000000.0,129000000.0,35000000.0,30000000.0,13000000.0,,-60000000.0,151000000.0,52000000.0,58000000.0,93000000.0,60000000.0,35000000.0,-7000000.0,-38000000.0,,,,,,,,,,,34000000.0,,22000000.0,
2019-09-30,5253000000.0,3912000000.0,1156000000.0,1209000000.0,1040000000.0,1586000000.0,1341000000.0,453000000.0,769000000.0,220000000.0,220000000.0,289000000.0,112000000.0,59000000.0,53000000.0,270000000.0,335000000.0,3077000000.0,1864000000.0,763000000.0,10000000.0,0.0,38000000.0,1213000000.0,239000000.0,872000000.0,38000000.0,872000000.0,-11000000.0,49000000.0,140000000.0,2176000000.0,53000000.0,-7265000000.0,11000000.0,1114000000.0,777000000.0,1737000000.0,1209000000.0,1024000000.0,186000000.0,185000000.0,406000000.0,591000000.0,,-24000000.0,,24000000.0,1761000000.0,-36000000.0,,69000000.0,127000000.0,7000000.0,64000000.0,120000000.0,113000000.0,151000000.0,255000000.0,120000000.0,234000000.0,18000000.0,,8000000.0,108000000.0,60000000.0,55000000.0,60000000.0,25000000.0,120000000.0,57000000.0,-98000000.0,,,,,,,,,,,3000000.0,,102000000.0,
2019-12-31,6028000000.0,4597000000.0,1466000000.0,1503000000.0,982000000.0,2056000000.0,1431000000.0,500000000.0,768000000.0,210000000.0,210000000.0,289000000.0,95000000.0,58000000.0,37000000.0,253000000.0,357000000.0,3201000000.0,2359000000.0,988000000.0,4000000.0,0.0,0.0,842000000.0,242000000.0,486000000.0,43000000.0,486000000.0,486000000.0,74000000.0,157000000.0,2827000000.0,53000000.0,-7095000000.0,12000000.0,1170000000.0,949000000.0,2109000000.0,1384000000.0,1178000000.0,348000000.0,206000000.0,395000000.0,601000000.0,,91000000.0,109000000.0,18000000.0,2127000000.0,-125000000.0,,64000000.0,205000000.0,35000000.0,18000000.0,170000000.0,177000000.0,223000000.0,287000000.0,170000000.0,442000000.0,73000000.0,,552000000.0,551000000.0,64000000.0,42000000.0,465000000.0,-58000000.0,170000000.0,-26000000.0,-107000000.0,,,,,,,,,,,36000000.0,,170000000.0,
2020-03-31,5864000000.0,4390000000.0,1330000000.0,1385000000.0,1056000000.0,1896000000.0,1474000000.0,540000000.0,794000000.0,194000000.0,194000000.0,289000000.0,113000000.0,58000000.0,55000000.0,258000000.0,366000000.0,2827000000.0,1985000000.0,653000000.0,,,,842000000.0,211000000.0,488000000.0,,488000000.0,-4000000.0,75000000.0,143000000.0,3037000000.0,54000000.0,-6933000000.0,12000000.0,1171000000.0,818000000.0,1755000000.0,1167000000.0,968000000.0,177000000.0,199000000.0,442000000.0,659000000.0,,-13000000.0,,13000000.0,1768000000.0,4000000.0,,68000000.0,168000000.0,6000000.0,13000000.0,162000000.0,148000000.0,181000000.0,249000000.0,162000000.0,-65000000.0,,,-429000000.0,-63000000.0,68000000.0,55000000.0,-168000000.0,74000000.0,162000000.0,-73000000.0,2000000.0,,,,,,,,,,,3000000.0,,-136000000.0,
2020-06-30,6583000000.0,5109000000.0,1775000000.0,1775000000.0,1324000000.0,1799000000.0,1474000000.0,585000000.0,837000000.0,174000000.0,174000000.0,289000000.0,59000000.0,59000000.0,0.0,221000000.0,326000000.0,3278000000.0,2434000000.0,802000000.0,,,200000000.0,844000000.0,204000000.0,490000000.0,200000000.0,490000000.0,690000000.0,68000000.0,150000000.0,3305000000.0,54000000.0,-6776000000.0,12000000.0,1174000000.0,848000000.0,1918000000.0,1299000000.0,1084000000.0,173000000.0,215000000.0,460000000.0,675000000.0,,-14000000.0,14000000.0,14000000.0,1932000000.0,1000000.0,,72000000.0,161000000.0,4000000.0,14000000.0,157000000.0,167000000.0,175000000.0,247000000.0,157000000.0,243000000.0,,,268000000.0,353000000.0,72000000.0,91000000.0,104000000.0,268000000.0,157000000.0,-36000000.0,238000000.0,0.0,,,,,,,,,,39000000.0,,157000000.0,
2020-09-30,7023000000.0,5500000000.0,1296000000.0,1771000000.0,1292000000.0,2138000000.0,1523000000.0,595000000.0,890000000.0,194000000.0,194000000.0,289000000.0,60000000.0,60000000.0,475000000.0,299000000.0,364000000.0,3156000000.0,2417000000.0,752000000.0,,,72000000.0,739000000.0,205000000.0,398000000.0,,373000000.0,398000000.0,72000000.0,161000000.0,3867000000.0,126000000.0,-6386000000.0,12000000.0,1202000000.0,1230000000.0,2790000000.0,1844000000.0,1571000000.0,449000000.0,273000000.0,508000000.0,781000000.0,,-11000000.0,,11000000.0,2801000000.0,-37000000.0,,82000000.0,402000000.0,12000000.0,11000000.0,390000000.0,399000000.0,413000000.0,495000000.0,390000000.0,339000000.0,,,282000000.0,479000000.0,125000000.0,74000000.0,351000000.0,-32000000.0,390000000.0,-549000000.0,-269000000.0,0.0,,,,78000000.0,78000000.0,,,,,3000000.0,,390000000.0,
2020-12-31,8962000000.0,6143000000.0,1595000000.0,2290000000.0,1399000000.0,2189000000.0,2819000000.0,641000000.0,912000000.0,229000000.0,229000000.0,289000000.0,63000000.0,63000000.0,695000000.0,378000000.0,373000000.0,3125000000.0,2417000000.0,468000000.0,15000000.0,0.0,0.0,708000000.0,201000000.0,330000000.0,,330000000.0,330000000.0,75000000.0,177000000.0,5837000000.0,131000000.0,-4605000000.0,12000000.0,1211000000.0,1451000000.0,3235000000.0,2101000000.0,1793000000.0,570000000.0,308000000.0,573000000.0,881000000.0,,46000000.0,55000000.0,9000000.0,3244000000.0,-15000000.0,,90000000.0,549000000.0,-1232000000.0,9000000.0,1778000000.0,1793000000.0,558000000.0,648000000.0,1781000000.0,554000000.0,,,-634000000.0,98000000.0,320000000.0,74000000.0,-68000000.0,107000000.0,1778000000.0,-294000000.0,35000000.0,0.0,,,,115000000.0,115000000.0,,,,,40000000.0,,1778000000.0,
2021-03-31,10047000000.0,7197000000.0,1763000000.0,3116000000.0,1653000000.0,2185000000.0,2850000000.0,681000000.0,975000000.0,203000000.0,203000000.0,289000000.0,65000000.0,65000000.0,1353000000.0,243000000.0,412000000.0,3570000000.0,2864000000.0,949000000.0,,,,706000000.0,238000000.0,314000000.0,,313000000.0,314000000.0,96000000.0,155000000.0,6477000000.0,141000000.0,-4058000000.0,12000000.0,1215000000.0,1587000000.0,3422000000.0,2272000000.0,1858000000.0,662000000.0,319000000.0,610000000.0,1032000000.0,,-9000000.0,,9000000.0,3431000000.0,-11000000.0,,95000000.0,644000000.0,89000000.0,15000000.0,555000000.0,544000000.0,653000000.0,748000000.0,555000000.0,898000000.0,,,466000000.0,330000000.0,109000000.0,66000000.0,109000000.0,254000000.0,555000000.0,-722000000.0,-8000000.0,,0.0,0.0,,,,,,,,2000000.0,,168000000.0,
2021-06-30,10691000000.0,7818000000.0,2623000000.0,3793000000.0,1765000000.0,2026000000.0,2873000000.0,671000000.0,1005000000.0,204000000.0,204000000.0,289000000.0,67000000.0,67000000.0,1170000000.0,234000000.0,509000000.0,3626000000.0,2892000000.0,836000000.0,,,,734000000.0,240000000.0,313000000.0,,313000000.0,313000000.0,109000000.0,181000000.0,7065000000.0,401000000.0,-3348000000.0,12000000.0,1213000000.0,1830000000.0,3840000000.0,2361000000.0,2020000000.0,831000000.0,341000000.0,659000000.0,1000000000.0,,-10000000.0,,10000000.0,3850000000.0,0.0,,97000000.0,823000000.0,113000000.0,10000000.0,710000000.0,711000000.0,833000000.0,930000000.0,710000000.0,952000000.0,,,-120000000.0,41000000.0,111000000.0,64000000.0,-159000000.0,112000000.0,710000000.0,119000000.0,-211000000.0,,256000000.0,256000000.0,,,,,,,,-207000000.0,,710000000.0,
2021-09-30,11153000000.0,7988000000.0,2440000000.0,3608000000.0,1902000000.0,2229000000.0,3165000000.0,717000000.0,1052000000.0,203000000.0,203000000.0,289000000.0,69000000.0,69000000.0,1168000000.0,249000000.0,770000000.0,4017000000.0,3564000000.0,1048000000.0,,312000000.0,312000000.0,453000000.0,269000000.0,1000000.0,312000000.0,1000000.0,313000000.0,120000000.0,183000000.0,7136000000.0,1356000000.0,-2425000000.0,12000000.0,1212000000.0,2086000000.0,4306000000.0,2603000000.0,2227000000.0,948000000.0,376000000.0,765000000.0,1141000000.0,,-7000000.0,,7000000.0,4313000000.0,62000000.0,,97000000.0,1005000000.0,82000000.0,7000000.0,923000000.0,916000000.0,1012000000.0,1109000000.0,923000000.0,849000000.0,,,180000000.0,570000000.0,113000000.0,85000000.0,203000000.0,138000000.0,923000000.0,-83000000.0,-949000000.0,0.0,748000000.0,748000000.0,,,,,,,,-744000000.0,,923000000.0,
2021-12-31,12419000000.0,8583000000.0,2535000000.0,3608000000.0,1955000000.0,3035000000.0,3836000000.0,702000000.0,1134000000.0,289000000.0,0.0,289000000.0,69000000.0,69000000.0,1073000000.0,312000000.0,1478000000.0,4922000000.0,4240000000.0,1321000000.0,,312000000.0,312000000.0,682000000.0,348000000.0,1000000.0,312000000.0,1000000.0,313000000.0,98000000.0,321000000.0,7497000000.0,2130000000.0,-1451000000.0,12000000.0,1207000000.0,2426000000.0,4845000000.0,2930000000.0,2400000000.0,1207000000.0,412000000.0,811000000.0,1356000000.0,,34000000.0,42000000.0,8000000.0,4811000000.0,4000000.0,,118000000.0,1203000000.0,229000000.0,8000000.0,974000000.0,971000000.0,1211000000.0,1329000000.0,974000000.0,822000000.0,,,275000000.0,1231000000.0,431000000.0,86000000.0,487000000.0,52000000.0,974000000.0,0.0,-727000000.0,0.0,758000000.0,758000000.0,,,,,,,,-709000000.0,,95000000.0,
2022-03-31,66915000000.0,13369000000.0,4740000000.0,6532000000.0,2431000000.0,3681000000.0,53546000000.0,1406000000.0,1186000000.0,49915000000.0,26832000000.0,23083000000.0,4498000000.0,72000000.0,1792000000.0,725000000.0,1705000000.0,11582000000.0,5581000000.0,1476000000.0,,312000000.0,312000000.0,6001000000.0,370000000.0,1475000000.0,312000000.0,1475000000.0,1787000000.0,518000000.0,1047000000.0,55333000000.0,941000000.0,-665000000.0,16000000.0,1620000000.0,2818000000.0,5859000000.0,4275000000.0,3069000000.0,951000000.0,597000000.0,1060000000.0,2281000000.0,,-13000000.0,,13000000.0,5872000000.0,-42000000.0,,609000000.0,899000000.0,113000000.0,13000000.0,786000000.0,787000000.0,912000000.0,1521000000.0,786000000.0,995000000.0,,,4000000.0,959000000.0,628000000.0,71000000.0,673000000.0,26000000.0,786000000.0,3158000000.0,-1948000000.0,,1914000000.0,1914000000.0,,,,,,,,-1912000000.0,,2205000000.0,
2022-06-30,67502000000.0,13462000000.0,4964000000.0,5992000000.0,2648000000.0,4053000000.0,54047000000.0,1441000000.0,1311000000.0,50359000000.0,26159000000.0,24200000000.0,3723000000.0,76000000.0,1028000000.0,769000000.0,1657000000.0,12333000000.0,5523000000.0,1518000000.0,,312000000.0,312000000.0,6810000000.0,422000000.0,2465000000.0,312000000.0,2465000000.0,2777000000.0,258000000.0,1118000000.0,55169000000.0,1893000000.0,-218000000.0,16000000.0,1612000000.0,3028000000.0,6525000000.0,4114000000.0,3522000000.0,526000000.0,592000000.0,1300000000.0,1892000000.0,,-25000000.0,35000000.0,25000000.0,6550000000.0,-4000000.0,,1000000000.0,501000000.0,54000000.0,25000000.0,447000000.0,416000000.0,526000000.0,1526000000.0,447000000.0,1038000000.0,,,24000000.0,569000000.0,1000000000.0,132000000.0,344000000.0,248000000.0,447000000.0,-928000000.0,114000000.0,0.0,921000000.0,921000000.0,,,,,,0.0,,-845000000.0,,447000000.0,
2022-09-30,67811000000.0,14420000000.0,3398000000.0,5591000000.0,3369000000.0,4340000000.0,53391000000.0,1486000000.0,1396000000.0,49349000000.0,25162000000.0,24187000000.0,4932000000.0,80000000.0,2193000000.0,1120000000.0,1954000000.0,13269000000.0,6691000000.0,2337000000.0,,0.0,0.0,6578000000.0,424000000.0,2466000000.0,,2466000000.0,2466000000.0,359000000.0,1610000000.0,54542000000.0,2815000000.0,-152000000.0,16000000.0,1612000000.0,2354000000.0,5534000000.0,3768000000.0,3211000000.0,-64000000.0,557000000.0,1279000000.0,1836000000.0,,-31000000.0,34000000.0,31000000.0,5565000000.0,22000000.0,,1000000000.0,-69000000.0,-135000000.0,31000000.0,66000000.0,11000000.0,-38000000.0,962000000.0,66000000.0,965000000.0,,,783000000.0,1596000000.0,1125000000.0,123000000.0,285000000.0,723000000.0,66000000.0,-1298000000.0,-1233000000.0,-312000000.0,617000000.0,617000000.0,,311000000.0,311000000.0,,,0.0,,-616000000.0,,66000000.0,
2022-12-31,67580000000.0,15019000000.0,4835000000.0,5855000000.0,3771000000.0,5226000000.0,53813000000.0,1513000000.0,1507000000.0,48295000000.0,24118000000.0,24200000000.0,4503000000.0,83000000.0,1020000000.0,1265000000.0,2152000000.0,12830000000.0,6369000000.0,2493000000.0,,0.0,0.0,6461000000.0,396000000.0,2467000000.0,0.0,2467000000.0,2467000000.0,336000000.0,1664000000.0,54750000000.0,3099000000.0,-131000000.0,16000000.0,1612000000.0,2403000000.0,5732000000.0,5006000000.0,3196000000.0,-149000000.0,590000000.0,1366000000.0,3177000000.0,,134000000.0,153000000.0,19000000.0,5598000000.0,32000000.0,,1220000000.0,-133000000.0,-154000000.0,19000000.0,21000000.0,68000000.0,-114000000.0,1106000000.0,21000000.0,567000000.0,,,120000000.0,503000000.0,1747000000.0,124000000.0,-211000000.0,404000000.0,21000000.0,1067000000.0,-197000000.0,312000000.0,250000000.0,250000000.0,,,,,0.0,0.0,,-162000000.0,,,
2023-03-31,67634000000.0,15658000000.0,3825000000.0,5939000000.0,4235000000.0,,51976000000.0,1500000000.0,1593000000.0,47468000000.0,23291000000.0,24177000000.0,,84000000.0,2114000000.0,1442000000.0,2410000000.0,12940000000.0,6577000000.0,2518000000.0,,,,6363000000.0,381000000.0,2467000000.0,,2467000000.0,2848000000.0,539000000.0,1874000000.0,54694000000.0,3362000000.0,-270000000.0,16000000.0,1609000000.0,2359000000.0,5353000000.0,5384000000.0,2994000000.0,-145000000.0,585000000.0,1411000000.0,3801000000.0,,-25000000.0,25000000.0,25000000.0,5353000000.0,43000000.0,,1805000000.0,-126000000.0,13000000.0,,-139000000.0,-119000000.0,-101000000.0,2537000000.0,-139000000.0,486000000.0,,,73000000.0,-569000000.0,1805000000.0,158000000.0,86000000.0,-464000000.0,-139000000.0,-1237000000.0,-259000000.0,,241000000.0,241000000.0,,,,,,,,-238000000.0,,-1010000000.0,
2023-03-31,67634000000.0,15658000000.0,3825000000.0,5939000000.0,4235000000.0,,51976000000.0,1500000000.0,1593000000.0,47468000000.0,23291000000.0,24177000000.0,,84000000.0,2114000000.0,1442000000.0,2410000000.0,12940000000.0,6577000000.0,2518000000.0,,,,6363000000.0,381000000.0,2467000000.0,,2467000000.0,2848000000.0,539000000.0,1874000000.0,54694000000.0,3362000000.0,-270000000.0,16000000.0,1609000000.0,2359000000.0,5353000000.0,5384000000.0,2994000000.0,-145000000.0,585000000.0,1411000000.0,3801000000.0,,-25000000.0,25000000.0,25000000.0,5353000000.0,43000000.0,,1805000000.0,-126000000.0,13000000.0,,-139000000.0,-119000000.0,-101000000.0,2537000000.0,-139000000.0,486000000.0,,,,,2638000000.0,158000000.0,86000000.0,-464000000.0,-139000000.0,-1237000000.0,-259000000.0,0.0,,0.0,,,,,0.0,0.0,,0.0,,-1010000000.0,
2023-06-30,67967000000.0,16505000000.0,3841000000.0,6285000000.0,4567000000.0,4312000000.0,51462000000.0,1541000000.0,1682000000.0,46775000000.0,22598000000.0,24177000000.0,5579000000.0,90000000.0,2444000000.0,1339000000.0,2527000000.0,12831000000.0,7572000000.0,2779000000.0,,1503000000.0,753000000.0,6759000000.0,393000000.0,1714000000.0,750000000.0,1714000000.0,2467000000.0,756000000.0,1787000000.0,55136000000.0,3430000000.0,-243000000.0,16000000.0,1614000000.0,2443000000.0,5331000000.0,4156000000.0,2916000000.0,-20000000.0,547000000.0,1443000000.0,2683000000.0,,-28000000.0,28000000.0,28000000.0,5359000000.0,46000000.0,,693000000.0,4000000.0,-23000000.0,28000000.0,27000000.0,16000000.0,32000000.0,725000000.0,27000000.0,379000000.0,,,236000000.0,1788000000.0,693000000.0,125000000.0,100000000.0,332000000.0,27000000.0,-438000000.0,75000000.0,0.0,0.0,0.0,,,,,0.0,0.0,,0.0,,16000000.0,
2023-09-30,67626000000.0,16688000000.0,3561000000.0,5785000000.0,4445000000.0,5055000000.0,50938000000.0,1566000000.0,1730000000.0,46136000000.0,21950000000.0,24186000000.0,5338000000.0,93000000.0,2224000000.0,1403000000.0,2560000000.0,12656000000.0,7627000000.0,2245000000.0,,1502000000.0,752000000.0,6529000000.0,395000000.0,1715000000.0,750000000.0,1715000000.0,2467000000.0,929000000.0,1767000000.0,54970000000.0,4235000000.0,56000000.0,17000000.0,1615000000.0,2747000000.0,5774000000.0,4289000000.0,3053000000.0,224000000.0,576000000.0,1507000000.0,2743000000.0,,-26000000.0,26000000.0,26000000.0,5800000000.0,59000000.0,,660000000.0,260000000.0,-39000000.0,26000000.0,299000000.0,281000000.0,286000000.0,946000000.0,299000000.0,421000000.0,,,-547000000.0,765000000.0,-677000000.0,124000000.0,744000000.0,-122000000.0,299000000.0,102000000.0,-803000000.0,0.0,511000000.0,511000000.0,,,,,0.0,0.0,,-507000000.0,,,
2023-12-31,67885000000.0,16768000000.0,3933000000.0,5773000000.0,4351000000.0,6476000000.0,51117000000.0,1589000000.0,1787000000.0,45625000000.0,21363000000.0,24262000000.0,5253000000.0,99000000.0,1840000000.0,1259000000.0,2805000000.0,11993000000.0,6689000000.0,2055000000.0,,751000000.0,751000000.0,6704000000.0,535000000.0,1717000000.0,751000000.0,1717000000.0,2468000000.0,438000000.0,1850000000.0,55892000000.0,4514000000.0,723000000.0,17000000.0,1616000000.0,2911000000.0,6452000000.0,5154000000.0,3257000000.0,342000000.0,644000000.0,1511000000.0,3409000000.0,,285000000.0,312000000.0,27000000.0,6167000000.0,49000000.0,,1253000000.0,370000000.0,-297000000.0,27000000.0,667000000.0,707000000.0,397000000.0,1650000000.0,667000000.0,381000000.0,,,-181000000.0,319000000.0,1240000000.0,139000000.0,320000000.0,-94000000.0,667000000.0,150000000.0,-159000000.0,0.0,233000000.0,233000000.0,,,,,,,,-113000000.0,,,
2024-03-31,67895000000.0,17084000000.0,4190000000.0,6035000000.0,4652000000.0,5069000000.0,50811000000.0,1624000000.0,1884000000.0,45003000000.0,20741000000.0,24262000000.0,5283000000.0,106000000.0,1845000000.0,1328000000.0,3013000000.0,11697000000.0,6474000000.0,1418000000.0,,1500000000.0,750000000.0,6723000000.0,530000000.0,1718000000.0,750000000.0,1718000000.0,2468000000.0,424000000.0,1776000000.0,56198000000.0,4690000000.0,846000000.0,17000000.0,1618000000.0,2560000000.0,5473000000.0,4939000000.0,2913000000.0,36000000.0,620000000.0,1525000000.0,3551000000.0,,-25000000.0,,25000000.0,5473000000.0,53000000.0,,1406000000.0,71000000.0,-52000000.0,,123000000.0,101000000.0,96000000.0,1502000000.0,123000000.0,521000000.0,,,-636000000.0,352000000.0,1406000000.0,142000000.0,-338000000.0,368000000.0,123000000.0,-135000000.0,-129000000.0,0.0,4000000.0,4000000.0,,,,,,,,1000000.0,,,
2024-06-30,67886000000.0,17465000000.0,4113000000.0,5340000000.0,4991000000.0,5773000000.0,50421000000.0,1666000000.0,1988000000.0,44400000000.0,20138000000.0,24262000000.0,4588000000.0,113000000.0,1227000000.0,1361000000.0,2990000000.0,11348000000.0,6195000000.0,1699000000.0,,0.0,0.0,6653000000.0,526000000.0,1719000000.0,0.0,1719000000.0,1719000000.0,447000000.0,1716000000.0,56538000000.0,5103000000.0,1111000000.0,17000000.0,1618000000.0,2864000000.0,5835000000.0,3621000000.0,2971000000.0,269000000.0,650000000.0,1583000000.0,2233000000.0,,-25000000.0,,25000000.0,5835000000.0,55000000.0,,147000000.0,306000000.0,41000000.0,,265000000.0,264000000.0,331000000.0,478000000.0,265000000.0,593000000.0,,,280000000.0,965000000.0,147000000.0,154000000.0,711000000.0,342000000.0,265000000.0,386000000.0,-1056000000.0,,352000000.0,352000000.0,,,,,,,,-209000000.0,,,
2024-09-30,69636000000.0,18735000000.0,3897000000.0,4544000000.0,5374000000.0,7270000000.0,50901000000.0,1669000000.0,2072000000.0,44411000000.0,19572000000.0,24839000000.0,3767000000.0,137000000.0,647000000.0,1547000000.0,2854000000.0,12651000000.0,7500000000.0,2530000000.0,,0.0,0.0,6651000000.0,518000000.0,1720000000.0,0.0,1720000000.0,1720000000.0,389000000.0,1751000000.0,56985000000.0,5812000000.0,1882000000.0,17000000.0,1623000000.0,3419000000.0,6819000000.0,4121000000.0,3400000000.0,724000000.0,721000000.0,1636000000.0,2357000000.0,,-23000000.0,,23000000.0,6819000000.0,36000000.0,,756000000.0,744000000.0,-27000000.0,,771000000.0,802000000.0,767000000.0,1523000000.0,771000000.0,628000000.0,,,832000000.0,1891000000.0,756000000.0,132000000.0,1489000000.0,386000000.0,771000000.0,-138000000.0,-706000000.0,,250000000.0,250000000.0,,,,,,,,-246000000.0,,,
2024-12-31,69226000000.0,19049000000.0,3787000000.0,5132000000.0,5734000000.0,6820000000.0,50177000000.0,1802000000.0,2173000000.0,43769000000.0,18930000000.0,24839000000.0,4149000000.0,149000000.0,1345000000.0,1250000000.0,3146000000.0,11658000000.0,7281000000.0,1990000000.0,,0.0,0.0,4377000000.0,491000000.0,1721000000.0,0.0,1721000000.0,1721000000.0,555000000.0,1816000000.0,57568000000.0,6106000000.0,2364000000.0,17000000.0,1622000000.0,3882000000.0,7840000000.0,5574000000.0,3776000000.0,871000000.0,792000000.0,1712000000.0,3510000000.0,,163000000.0,,19000000.0,7658000000.0,37000000.0,,762000000.0,901000000.0,419000000.0,,482000000.0,411000000.0,920000000.0,1682000000.0,482000000.0,1299000000.0,,,-585000000.0,-226000000.0,1209000000.0,208000000.0,3000000.0,362000000.0,482000000.0,-1214000000.0,-171000000.0,,256000000.0,256000000.0,,,,,,,,-129000000.0,,,
