fiscal_date_ending,total_assets,total_current_assets,cash_and_cash_equivalents,cash_and_short_term_investments,inventory,current_net_receivables,total_non_current_assets,property_plant_equipment,accumulated_depreciation_amortization_ppe,intangible_assets,intangible_assets_excluding_goodwill,goodwill,investments,long_term_investments,short_term_investments,other_current_assets,other_non_current_assets,total_liabilities,total_current_liabilities,current_accounts_payable,deferred_revenue,current_debt,short_term_debt,total_non_current_liabilities,capital_lease_obligations,long_term_debt,current_long_term_debt,long_term_debt_non_current,short_long_term_debt_total,other_current_liabilities,other_non_current_liabilities,total_shareholder_equity,treasury_stock,retained_earnings,common_stock,common_stock_shares_outstanding,gross_profit,total_revenue,cost_of_revenue,cost_of_goods_and_services_sold,operating_income,selling_general_and_administrative,research_and_development,operating_expenses,investment_income_net,net_interest_income,interest_income,interest_expense,non_interest_income,other_non_operating_income,depreciation,depreciation_and_amortization,income_before_tax,income_tax_expense,interest_and_debt_expense,net_income_from_continuing_operations,comprehensive_income_net_of_tax,ebit,ebitda,net_income,operating_cashflow,payments_for_operating_activities,proceeds_from_operating_activities,change_in_operating_liabilities,change_in_operating_assets,depreciation_depletion_and_amortization,capital_expenditures,change_in_receivables,change_in_inventory,profit_loss,cashflow_from_investment,cashflow_from_financing,proceeds_from_repayments_of_short_term_debt,payments_for_repurchase_of_common_stock,payments_for_repurchase_of_equity,payments_for_repurchase_of_preferred_stock,dividend_payout,dividend_payout_common_stock,dividend_payout_preferred_stock,proceeds_from_issuance_of_common_stock,proceeds_from_issuance_of_long_term_debt_and_capital_securities_net,proceeds_from_issuance_of_preferred_stock,proceeds_from_repurchase_of_equity,proceeds_from_sale_of_treasury_stock,change_in_cash_and_cash_equivalents,change_in_exchange_rate
2011-09-30,2097042000.0,33595000.0,33595000.0,33595000.0,52852000.0,,3807000.0,3807000.0,,,,,511444000.0,1799174000.0,156130000.0,,,1930549000.0,130000000.0,,,130000000.0,130000000.0,292155000.0,,5155000.0,,,292155000.0,-2026000.0,417000000.0,166493000.0,5241000.0,66559000.0,112000.0,10185953.0,8664000.0,20579000.0,11915000.0,11951000.0,886000.0,6310000.0,,17366000.0,,18177000.0,27765000.0,9588000.0,4570000.0,,,298000.0,10832000.0,4299000.0,9588000.0,6533000.0,6867000.0,20420000.0,20718000.0,6533000.0,65762000.0,9924000.0,,4539000.0,-56303000.0,298000.0,952000.0,-678000.0,4750000.0,6533000.0,-186198000.0,144979000.0,,,,,78000.0,78000.0,78000.0,0.0,,,11584000.0,,24543000.0,
2011-12-31,2223797000.0,22303000.0,22303000.0,22303000.0,104910000.0,,3745000.0,3745000.0,,,,,510416000.0,,,,,2030201000.0,130000000.0,,,130000000.0,130000000.0,335155000.0,,465155000.0,,,335155000.0,-2271000.0,,193596000.0,5327000.0,72839000.0,121000.0,11419584.0,10098000.0,20902000.0,10804000.0,11130000.0,1057000.0,7390000.0,,18571000.0,,19086000.0,28616000.0,9530000.0,2986000.0,,,332000.0,11268000.0,4608000.0,9530000.0,6660000.0,5022000.0,20798000.0,21130000.0,6660000.0,-52666000.0,17295000.0,,-2809000.0,430000.0,332000.0,270000.0,849000.0,-3054000.0,6660000.0,-82557000.0,123931000.0,,,,,77000.0,77000.0,77000.0,13344000.0,,,21860000.0,,-11292000.0,
2012-03-31,2278030000.0,25858000.0,25858000.0,25858000.0,90979000.0,,4065000.0,4065000.0,,,,,504908000.0,,,,,2074791000.0,120000000.0,,,120000000.0,120000000.0,364155000.0,,5155000.0,,,364155000.0,-1940000.0,,203239000.0,5346000.0,80170000.0,122000.0,11430145.0,11306000.0,22496000.0,11190000.0,11013000.0,1603000.0,7780000.0,,18716000.0,,20335000.0,29348000.0,9013000.0,3856000.0,,,347000.0,13001000.0,5283000.0,9013000.0,7718000.0,9297000.0,22014000.0,22361000.0,7718000.0,-61037000.0,13247000.0,,3377000.0,305000.0,347000.0,667000.0,851000.0,,7718000.0,23702000.0,40890000.0,,,,,436000.0,436000.0,436000.0,0.0,,,63000.0,,3555000.0,
2012-06-30,2386845000.0,35426000.0,35426000.0,35426000.0,79638000.0,,4408000.0,4408000.0,3070000.0,,,,483029000.0,,14788000.0,,,2180225000.0,120000000.0,,,120000000.0,120000000.0,427155000.0,,5155000.0,,,427155000.0,-1802000.0,,206620000.0,6610000.0,88357000.0,123000.0,11512536.0,12336000.0,24448000.0,12112000.0,10514000.0,12336000.0,8836000.0,,8414000.0,,21590000.0,30004000.0,8414000.0,4958000.0,,,339000.0,14436000.0,5871000.0,8414000.0,8565000.0,3826000.0,22850000.0,23189000.0,8565000.0,-8330000.0,11769000.0,,1555000.0,10581000.0,339000.0,682000.0,273000.0,-1696000.0,8565000.0,-84893000.0,102791000.0,,,,,378000.0,378000.0,378000.0,0.0,,,50000.0,,9568000.0,
2012-09-30,2617319000.0,43344000.0,43344000.0,43344000.0,122370000.0,,5477000.0,5477000.0,,,,,466856000.0,,,,,2402613000.0,120000000.0,,,120000000.0,120000000.0,409155000.0,,529155000.0,,,409155000.0,-1861000.0,,214706000.0,-7195000.0,97269000.0,136000.0,12813171.0,13216000.0,27298000.0,14082000.0,11054000.0,1903000.0,9184000.0,,19817000.0,,22485000.0,30989000.0,8504000.0,6761000.0,,,337000.0,15164000.0,6175000.0,8504000.0,8989000.0,7707000.0,23668000.0,24005000.0,8989000.0,-32339000.0,12847000.0,,1918000.0,39929000.0,337000.0,1406000.0,81000.0,,8989000.0,-179882000.0,220139000.0,,,,,77000.0,77000.0,77000.0,0.0,,,21000.0,,7918000.0,
2012-12-31,2874322000.0,89502000.0,89502000.0,89502000.0,98634000.0,,5782000.0,5782000.0,,,,,462354000.0,2507991000.0,167167000.0,,,2631709000.0,115000000.0,,,115000000.0,115000000.0,532155000.0,,627155000.0,,,532155000.0,-16289000.0,647155000.0,242613000.0,7389000.0,106705000.0,137000.0,12824195.0,14799000.0,29530000.0,14731000.0,10581000.0,2184000.0,10620000.0,,21246000.0,,24936000.0,33567000.0,8631000.0,6249000.0,,,449000.0,16454000.0,6686000.0,8631000.0,9768000.0,8946000.0,25085000.0,25534000.0,9768000.0,-2172000.0,173320000.0,,-4646000.0,295000.0,449000.0,754000.0,26000.0,,9768000.0,-203539000.0,251869000.0,,,,,78000.0,78000.0,78000.0,0.0,,,18552000.0,,46158000.0,
2013-03-31,2961663000.0,143490000.0,143490000.0,143490000.0,99342000.0,,6801000.0,6801000.0,,,,,447588000.0,2515845000.0,159486000.0,,,2700959000.0,110000000.0,,,110000000.0,110000000.0,465155000.0,,525155000.0,,,465155000.0,-22868000.0,575155000.0,260704000.0,7444000.0,116758000.0,139000.0,13049775.0,16894000.0,32365000.0,15471000.0,9983000.0,3740000.0,11265000.0,,21167000.0,,26202000.0,34635000.0,8433000.0,6834000.0,,,493000.0,17565000.0,7163000.0,8433000.0,10402000.0,10439000.0,25998000.0,26491000.0,10402000.0,21518000.0,-31069000.0,,6478000.0,459000.0,493000.0,1512000.0,878000.0,,10402000.0,-37040000.0,69510000.0,,,,,324000.0,324000.0,324000.0,6765000.0,,,6991000.0,,53988000.0,
2013-06-30,3090771000.0,201694000.0,201694000.0,201694000.0,78856000.0,,6418000.0,6418000.0,4974000.0,,,,468409000.0,2539720000.0,7111000.0,,,2822509000.0,110000000.0,,,110000000.0,110000000.0,595572000.0,,5155000.0,,,595572000.0,-24938000.0,700417000.0,268262000.0,10257000.0,127813000.0,146000.0,13733325.0,17518000.0,34371000.0,16853000.0,9958000.0,17518000.0,14011000.0,,8458000.0,,28005000.0,36463000.0,8458000.0,7866000.0,,,625000.0,19018000.0,7886000.0,8458000.0,11132000.0,7834000.0,27476000.0,28101000.0,11132000.0,28743000.0,18830000.0,,2017000.0,-26591000.0,625000.0,242000.0,906000.0,,11132000.0,-91113000.0,120574000.0,,,,,658000.0,658000.0,658000.0,0.0,,,5000.0,,58204000.0,
2013-09-30,3284182000.0,196983000.0,196983000.0,196983000.0,73393000.0,,6594000.0,6594000.0,,,,,495485000.0,2728100000.0,220081000.0,,,3001565000.0,110000000.0,,,110000000.0,110000000.0,661155000.0,,5155000.0,,,661155000.0,-37446000.0,771155000.0,282617000.0,11624000.0,139917000.0,147000.0,13803247.0,20195000.0,35209000.0,15014000.0,8736000.0,9986000.0,10948000.0,,18237000.0,,28110000.0,36346000.0,8236000.0,6976000.0,,,721000.0,20072000.0,7890000.0,8236000.0,12182000.0,12792000.0,28308000.0,29029000.0,12182000.0,59988000.0,-34136000.0,,13058000.0,-39958000.0,721000.0,897000.0,-591000.0,39610000.0,12182000.0,-233211000.0,168512000.0,,,,,78000.0,78000.0,78000.0,-110000.0,,,125000.0,,-4711000.0,
2013-12-31,3568299000.0,131886000.0,131886000.0,131886000.0,88505000.0,,6337000.0,6337000.0,,,,,477829000.0,3068293000.0,211328000.0,,,3256629000.0,95000000.0,,,95000000.0,95000000.0,734155000.0,,5155000.0,,,734155000.0,-24385000.0,829155000.0,311670000.0,12253000.0,152994000.0,150000.0,14052446.0,20878000.0,37182000.0,16304000.0,9399000.0,6520000.0,12406000.0,,22758000.0,,32827000.0,41227000.0,8400000.0,5543000.0,,,696000.0,22066000.0,8912000.0,8400000.0,13154000.0,11317000.0,30466000.0,31162000.0,13154000.0,-23161000.0,66645000.0,,-13126000.0,-188000.0,696000.0,439000.0,244000.0,21618000.0,13154000.0,-327317000.0,285381000.0,,,,,77000.0,77000.0,77000.0,16765000.0,,,16769000.0,,-65097000.0,
2014-03-31,3850825000.0,128398000.0,128398000.0,128398000.0,64754000.0,,6667000.0,6667000.0,,,,,467041000.0,3373538000.0,206166000.0,,,3511980000.0,60000000.0,,,60000000.0,60000000.0,597155000.0,,5155000.0,,,597155000.0,-21849000.0,657155000.0,338845000.0,12378000.0,167527000.0,151000.0,14195307.0,23381000.0,39328000.0,15947000.0,11100000.0,11393000.0,11089000.0,,21488000.0,,35663000.0,45163000.0,9500000.0,5212000.0,,,744000.0,24928000.0,10318000.0,9500000.0,14610000.0,15268000.0,34428000.0,35172000.0,14610000.0,37012000.0,21148000.0,,-2528000.0,53000.0,744000.0,1074000.0,2233000.0,52599000.0,14610000.0,-309348000.0,268848000.0,,,,,77000.0,77000.0,77000.0,10901000.0,,,10905000.0,,-3488000.0,
2014-06-30,4402999000.0,163650000.0,155584000.0,163650000.0,135371000.0,,6707000.0,6707000.0,7846000.0,562000.0,562000.0,,470573000.0,3788636000.0,8066000.0,3541032000.0,,4032221000.0,600000000.0,,,600000000.0,600000000.0,915155000.0,,5155000.0,,,915155000.0,-30530000.0,955000000.0,370778000.0,15112000.0,183460000.0,154000.0,14451900.0,24953000.0,42969000.0,18016000.0,11896000.0,24953000.0,20206000.0,,-11616000.0,,40496000.0,50142000.0,9646000.0,4723000.0,,,713000.0,27203000.0,11193000.0,9646000.0,16010000.0,17013000.0,36849000.0,37562000.0,16010000.0,-52520000.0,24642000.0,,8513000.0,74055000.0,713000.0,753000.0,2214000.0,-3928749000.0,16010000.0,-448296000.0,528002000.0,,,,,77000.0,77000.0,77000.0,14020000.0,,,14277000.0,,27186000.0,
2014-09-30,4824863000.0,198260000.0,198260000.0,198260000.0,90788000.0,,7362000.0,7362000.0,,749000.0,749000.0,,457369000.0,4228765000.0,205780000.0,3940075000.0,,4412762000.0,35000000.0,,,35000000.0,35000000.0,1080155000.0,,5155000.0,,,1080155000.0,-35851000.0,1115155000.0,412101000.0,16273000.0,201224000.0,158000.0,14763507.0,27799000.0,47745000.0,19946000.0,12430000.0,11735000.0,14371000.0,,25994000.0,,44875000.0,54805000.0,9930000.0,5249000.0,,,717000.0,30178000.0,12337000.0,9930000.0,17841000.0,20125000.0,40108000.0,40825000.0,17841000.0,58916000.0,25440000.0,,4712000.0,-37993000.0,717000.0,1372000.0,1505000.0,-4361085000.0,17841000.0,-412499000.0,396259000.0,,,,,77000.0,77000.0,77000.0,20560000.0,,,20560000.0,,42676000.0,
2014-12-31,5194721000.0,218001000.0,210139000.0,218001000.0,131816000.0,,7459000.0,7459000.0,,1037000.0,1037000.0,,423349000.0,4572746000.0,7862000.0,4361648000.0,,4744299000.0,35000000.0,,,35000000.0,35000000.0,675155000.0,,5155000.0,,,675155000.0,-28749000.0,710155000.0,450422000.0,16791000.0,220518000.0,160000.0,15021759.0,30071000.0,51908000.0,21837000.0,13870000.0,12845000.0,16460000.0,,16136000.0,,48111000.0,59081000.0,10970000.0,6697000.0,,,766000.0,32971000.0,13599000.0,10970000.0,19372000.0,18537000.0,43941000.0,44707000.0,19372000.0,3340000.0,33290000.0,,-7318000.0,-324000.0,766000.0,863000.0,-1274000.0,-4762591000.0,19372000.0,-348707000.0,357246000.0,,,,,78000.0,78000.0,78000.0,18385000.0,,,18387000.0,,11879000.0,
2015-03-31,5528520000.0,236288000.0,228550000.0,236288000.0,110666000.0,,8099000.0,8099000.0,,1354000.0,1354000.0,,408728000.0,4905845000.0,7738000.0,4696770000.0,,5032492000.0,35000000.0,,,35000000.0,35000000.0,588155000.0,,5155000.0,,,588155000.0,-40565000.0,623155000.0,496028000.0,16906000.0,241515000.0,163000.0,15285080.0,32888000.0,56131000.0,23243000.0,15146000.0,14226000.0,17794000.0,,16243000.0,,50665000.0,62911000.0,12246000.0,8366000.0,,,868000.0,35788000.0,14714000.0,12246000.0,21074000.0,21694000.0,48034000.0,48902000.0,21074000.0,32818000.0,96618000.0,,11780000.0,-125000.0,868000.0,1508000.0,3969000.0,-5121355000.0,21074000.0,-313039000.0,298632000.0,,,,,77000.0,77000.0,77000.0,22252000.0,,,22253000.0,,18411000.0,
2015-06-30,5823719000.0,230706000.0,222874000.0,230706000.0,104561000.0,,8551000.0,8551000.0,10989000.0,2098000.0,2098000.0,,396748000.0,5162005000.0,7832000.0,5009919000.0,,5290193000.0,358000000.0,,,358000000.0,358000000.0,758155000.0,,5155000.0,323000000.0,,758155000.0,-45121000.0,788000000.0,533526000.0,24644000.0,265833000.0,631000.0,15518751.0,39020000.0,62672000.0,23652000.0,15173000.0,39020000.0,21179000.0,,20733000.0,,55294000.0,67567000.0,12273000.0,10278000.0,,,922000.0,41920000.0,17525000.0,12273000.0,24395000.0,23293000.0,54193000.0,55115000.0,24395000.0,21028000.0,-6755000.0,,1279000.0,-3181000.0,922000.0,1374000.0,2205000.0,-5421837000.0,24395000.0,-299931000.0,273227000.0,,,,,77000.0,77000.0,77000.0,14788000.0,,,15566000.0,,-5676000.0,
2015-09-30,6259648000.0,375748000.0,367846000.0,375748000.0,107151000.0,,8324000.0,8324000.0,,2687000.0,2687000.0,,394050000.0,5490046000.0,7902000.0,5300937000.0,,5681431000.0,35000000.0,,,35000000.0,35000000.0,826155000.0,,5155000.0,,,826155000.0,-64914000.0,861155000.0,578217000.0,26977000.0,291257000.0,168000.0,15704126.0,41199000.0,66517000.0,25318000.0,14501000.0,23880000.0,20007000.0,,17319000.0,,59128000.0,71229000.0,12101000.0,9789000.0,,,1008000.0,43599000.0,18098000.0,12101000.0,25501000.0,26371000.0,55700000.0,56708000.0,25501000.0,41460000.0,27196000.0,,19762000.0,1951000.0,1008000.0,781000.0,2096000.0,-5852544000.0,25501000.0,-286328000.0,389840000.0,,,,,77000.0,77000.0,77000.0,16002000.0,,,16149000.0,,144972000.0,
2015-12-31,6662215000.0,292137000.0,284431000.0,292137000.0,90555000.0,,10435000.0,10435000.0,,3475000.0,3475000.0,,452058000.0,5893671000.0,7706000.0,5665350000.0,,6048885000.0,35000000.0,,,35000000.0,35000000.0,763155000.0,,5155000.0,,,763155000.0,-50764000.0,798155000.0,613330000.0,27584000.0,319328000.0,641000.0,63029161.0,45146000.0,75991000.0,30845000.0,16164000.0,25318000.0,24381000.0,,19828000.0,,63171000.0,75935000.0,12764000.0,16220000.0,,,998000.0,48546000.0,20397000.0,12764000.0,28149000.0,27635000.0,61310000.0,62308000.0,28149000.0,27953000.0,91726000.0,,-14570000.0,-196000.0,998000.0,3109000.0,-3183000.0,-6212339000.0,28149000.0,-498199000.0,386831000.0,,,,,78000.0,78000.0,78000.0,5118000.0,,,5118000.0,,-83415000.0,
2016-03-31,7705622000.0,903143000.0,895554000.0,903143000.0,102877000.0,,13056000.0,13056000.0,,3375000.0,3375000.0,,497536000.0,6296265000.0,7589000.0,5993635000.0,,7052333000.0,35000000.0,,,35000000.0,35000000.0,914155000.0,,56155000.0,,,914155000.0,-55147000.0,949155000.0,653289000.0,27646000.0,355165000.0,642000.0,63060732.0,59465000.0,90873000.0,31408000.0,16725000.0,33549000.0,25707000.0,,25916000.0,,69557000.0,84282000.0,14725000.0,23316000.0,,,1310000.0,61465000.0,25551000.0,14725000.0,35914000.0,36734000.0,76190000.0,77500000.0,35914000.0,33760000.0,26068000.0,,4315000.0,-117000.0,1310000.0,3931000.0,4853000.0,-7183403000.0,35914000.0,-421635000.0,998998000.0,,,,,77000.0,77000.0,77000.0,0.0,,,1000.0,,611123000.0,
2016-06-30,7599304000.0,494311000.0,486727000.0,494311000.0,54608000.0,,13995000.0,13995000.0,15785000.0,3943000.0,3943000.0,,472205000.0,6561437000.0,7584000.0,6332936000.0,,6915714000.0,357000000.0,,,357000000.0,357000000.0,785066000.0,,58066000.0,322000000.0,,785066000.0,-53647000.0,762000000.0,683590000.0,30785000.0,384815000.0,645000.0,63219392.0,49385000.0,84270000.0,34885000.0,19006000.0,49385000.0,32855000.0,,29142000.0,,69155000.0,86261000.0,17106000.0,17015000.0,,,1479000.0,51285000.0,21558000.0,17106000.0,29727000.0,30646000.0,68391000.0,69870000.0,29727000.0,63730000.0,54166000.0,,-3604000.0,-84484000.0,1479000.0,2418000.0,2304000.0,-7160126000.0,29727000.0,-331374000.0,-141183000.0,,,,,77000.0,77000.0,77000.0,0.0,,,3000.0,,-408827000.0,
2016-09-30,7855043000.0,606749000.0,599054000.0,606749000.0,52702000.0,,14732000.0,14732000.0,,4855000.0,4855000.0,,452159000.0,6578048000.0,7695000.0,6333907000.0,,7133184000.0,35000000.0,,,35000000.0,35000000.0,711511000.0,,56511000.0,,,711511000.0,-62861000.0,746511000.0,721859000.0,32206000.0,413635000.0,647000.0,63299014.0,47834000.0,82612000.0,34778000.0,19600000.0,19322000.0,28852000.0,,28512000.0,,69780000.0,87480000.0,17700000.0,14732000.0,,,1353000.0,49734000.0,20837000.0,17700000.0,28897000.0,36802000.0,67434000.0,68787000.0,28897000.0,66880000.0,68899000.0,,9536000.0,-22310000.0,1353000.0,2090000.0,-5976000.0,-7374947000.0,28897000.0,-160744000.0,206191000.0,,,,,77000.0,77000.0,77000.0,0.0,,,0.0,,112327000.0,
2016-12-31,8167876000.0,715744000.0,707593000.0,715744000.0,50803000.0,,15126000.0,15126000.0,,6150000.0,6150000.0,,387885000.0,6853611000.0,8151000.0,6673956000.0,,7414205000.0,35000000.0,,,35000000.0,35000000.0,721408000.0,,56408000.0,,,721408000.0,-47123000.0,756408000.0,753671000.0,33093000.0,445857000.0,648000.0,63359001.0,51561000.0,88961000.0,37400000.0,22040000.0,22889000.0,29294000.0,,28672000.0,,76361000.0,94301000.0,17940000.0,16700000.0,,,1411000.0,55661000.0,23361000.0,17940000.0,32300000.0,29198000.0,73601000.0,75012000.0,32300000.0,18578000.0,55921000.0,,-16638000.0,456000.0,1411000.0,1805000.0,2201000.0,-7759262000.0,32300000.0,-206103000.0,296064000.0,,,,,78000.0,78000.0,78000.0,0.0,,,0.0,,108539000.0,
2017-03-31,8700031000.0,1087178000.0,1078757000.0,1087178000.0,23211000.0,,15931000.0,15931000.0,,6731000.0,6731000.0,,376650000.0,7043817000.0,8421000.0,6856568000.0,,7899727000.0,35000000.0,,,35000000.0,35000000.0,1015450000.0,,54450000.0,,,1015450000.0,-49646000.0,1050450000.0,800304000.0,33268000.0,486774000.0,648000.0,63390389.0,66555000.0,106865000.0,40310000.0,23266000.0,34172000.0,31172000.0,,32383000.0,,88559000.0,106962000.0,18403000.0,23168000.0,,,1552000.0,71417000.0,30423000.0,18403000.0,40994000.0,42333000.0,89820000.0,91372000.0,40994000.0,85921000.0,42220000.0,,580000.0,270000.0,1552000.0,2357000.0,-265000.0,-8284322000.0,40994000.0,-199499000.0,484742000.0,,,,,77000.0,77000.0,77000.0,0.0,,,0.0,,371164000.0,
2017-06-30,8501680000.0,651868000.0,643541000.0,651868000.0,26760000.0,,16659000.0,16659000.0,21889000.0,0.0,0.0,,272797000.0,7382820000.0,8327000.0,7291601000.0,,7667433000.0,285000000.0,,,285000000.0,285000000.0,694463000.0,,54463000.0,265000000.0,,694463000.0,-53463000.0,660000000.0,834247000.0,37317000.0,519246000.0,651000.0,63536244.0,55681000.0,91860000.0,36179000.0,1000.0,55681000.0,36862000.0,,38221000.0,,78527000.0,98543000.0,20016000.0,13533000.0,,,1778000.0,55881000.0,23332000.0,20016000.0,32549000.0,34198000.0,75897000.0,77675000.0,32549000.0,27119000.0,124027000.0,,888000.0,-23268000.0,1778000.0,2506000.0,-471000.0,-8183462000.0,32549000.0,-222385000.0,-239950000.0,,,,,77000.0,77000.0,77000.0,0.0,,,0.0,,-435216000.0,
2017-09-30,8581628000.0,631921000.0,631921000.0,631921000.0,30310000.0,,17751000.0,17751000.0,,8044000.0,8044000.0,,219713000.0,7534531000.0,219713000.0,7467055000.0,,7714934000.0,10000000.0,,,10000000.0,10000000.0,454479000.0,,54479000.0,464720000.0,,454479000.0,-71655000.0,464479000.0,866694000.0,39875000.0,551552000.0,653000.0,63655970.0,53870000.0,92890000.0,39020000.0,23961000.0,18937000.0,33631000.0,,34933000.0,,80550000.0,103511000.0,22961000.0,13340000.0,,,1748000.0,54870000.0,22487000.0,22961000.0,32383000.0,31423000.0,77831000.0,79579000.0,32383000.0,52904000.0,41115000.0,,10868000.0,545000.0,1748000.0,2840000.0,4493000.0,-8334006000.0,32383000.0,-91182000.0,26658000.0,-10000000.0,,,,77000.0,77000.0,77000.0,0.0,,,0.0,,-11620000.0,
2017-12-31,8915959000.0,618089000.0,618089000.0,618089000.0,40179000.0,,18700000.0,18700000.0,,9066000.0,9066000.0,,191725000.0,7898930000.0,191725000.0,7860701000.0,,8042296000.0,51560000.0,,,,0.0,597503000.0,,54503000.0,597629000.0,,597503000.0,-51560000.0,597503000.0,873663000.0,69353000.0,583132000.0,654000.0,62720641.0,52503000.0,97312000.0,44809000.0,27572000.0,16080000.0,36396000.0,,36423000.0,,84213000.0,107785000.0,23572000.0,17099000.0,,,1947000.0,56503000.0,24845000.0,23572000.0,31658000.0,32497000.0,80075000.0,82022000.0,31658000.0,14042000.0,55284000.0,,-13432000.0,14043000.0,1947000.0,2896000.0,911000.0,-8713644000.0,31658000.0,-345752000.0,317878000.0,-10000000.0,,,,78000.0,78000.0,78000.0,0.0,,,0.0,,-13832000.0,
2018-03-31,9982320000.0,1491041000.0,1491041000.0,1491041000.0,8326000.0,,19290000.0,19290000.0,,10228000.0,10228000.0,,173186000.0,8093017000.0,173186000.0,8088849000.0,,9060667000.0,74382000.0,,,,0.0,1022528000.0,,1022528000.0,1022787000.0,,1022528000.0,-74382000.0,1022528000.0,921653000.0,76531000.0,634308000.0,655000.0,62552868.0,60974000.0,123308000.0,62334000.0,45097000.0,18705000.0,40767000.0,,42269000.0,,116683000.0,144880000.0,28197000.0,23525000.0,,,2024000.0,77874000.0,26621000.0,28197000.0,51253000.0,49746000.0,106071000.0,108095000.0,51253000.0,51426000.0,34804000.0,,22864000.0,7239000.0,2024000.0,2614000.0,838000.0,-9785197000.0,51253000.0,-166743000.0,988269000.0,0.0,6888000.0,6888000.0,,77000.0,77000.0,77000.0,0.0,,,-6888000.0,,872952000.0,
2018-06-30,9539504000.0,622850000.0,622850000.0,622850000.0,9591000.0,,89242000.0,21454000.0,27385000.0,67788000.0,32088000.0,35700000.0,0.0,8432289000.0,180305000.0,8429421000.0,,8578991000.0,377000000.0,,,377000000.0,229500000.0,511552000.0,,54552000.0,147500000.0,,431552000.0,-82089000.0,457000000.0,960513000.0,82458000.0,671348000.0,658000.0,62688064.0,46552000.0,100125000.0,53573000.0,35750000.0,46552000.0,-52161000.0,,-52803000.0,,87048000.0,118898000.0,31850000.0,16977000.0,,,2181000.0,50452000.0,13335000.0,31850000.0,37117000.0,37645000.0,82302000.0,84483000.0,37117000.0,49543000.0,-24676000.0,,7350000.0,13055000.0,2855000.0,3467000.0,-160000.0,-9279550000.0,37117000.0,-422328000.0,-495406000.0,0.0,0.0,0.0,,77000.0,77000.0,77000.0,0.0,,,0.0,,-868191000.0,
2018-09-30,9791520000.0,533969000.0,533969000.0,533969000.0,9497000.0,,89422000.0,22283000.0,,67139000.0,31420000.0,35719000.0,202727000.0,8888143000.0,202727000.0,8715608000.0,,8791273000.0,79097000.0,,,,,2634588000.0,,2634588000.0,,,2634588000.0,-79097000.0,2634588000.0,1000247000.0,86545000.0,708112000.0,660000.0,62831731.0,48700000.0,102222000.0,53522000.0,37118000.0,34046000.0,14771000.0,,14654000.0,,86279000.0,122797000.0,36518000.0,16543000.0,,,3016000.0,49300000.0,12459000.0,36518000.0,36841000.0,37047000.0,85818000.0,88834000.0,36841000.0,43529000.0,43897000.0,,-2633000.0,-4097000.0,3016000.0,3194000.0,9223000.0,-9478930000.0,36841000.0,-343484000.0,211074000.0,0.0,0.0,0.0,,77000.0,77000.0,77000.0,0.0,,,0.0,,-88881000.0,
2018-12-31,9810096000.0,256547000.0,256547000.0,256547000.0,8665000.0,,108369000.0,28540000.0,,79829000.0,44108000.0,35721000.0,216785000.0,9250470000.0,216785000.0,8969879000.0,,8815695000.0,78050000.0,,,,,397125000.0,,397125000.0,,,397125000.0,-78050000.0,397125000.0,994401000.0,135655000.0,746869000.0,662000.0,61207743.0,48779000.0,104662000.0,55883000.0,43469000.0,32264000.0,14891000.0,,16515000.0,,92720000.0,131239000.0,38519000.0,16892000.0,,,3567000.0,53729000.0,14894000.0,38519000.0,38835000.0,39015000.0,92248000.0,95815000.0,38835000.0,72003000.0,114491000.0,,-1335000.0,-24396000.0,3567000.0,7769000.0,-5317000.0,-9476716000.0,38835000.0,-325669000.0,-23756000.0,0.0,0.0,0.0,,78000.0,78000.0,78000.0,0.0,,,0.0,,-277422000.0,
2019-03-31,10875561000.0,288832000.0,763339000.0,288832000.0,7616000.0,,136076000.0,,,136076000.0,65422000.0,70654000.0,346323000.0,9333323000.0,219156000.0,127167000.0,,9836076000.0,201574000.0,,,,201574000.0,657977000.0,,214477000.0,,,214477000.0,-321070000.0,903185000.0,1039485000.0,135827000.0,785613000.0,663000.0,61285375.0,35452000.0,136267000.0,100815000.0,,-7395000.0,37522000.0,,42847000.0,,129169000.0,169208000.0,40039000.0,26098000.0,,,4765000.0,54452000.0,15631000.0,40039000.0,38821000.0,38530000.0,94491000.0,99256000.0,38821000.0,11079000.0,62127000.0,,1044000.0,32734000.0,4765000.0,5823000.0,44404000.0,,38821000.0,5327000.0,490386000.0,0.0,0.0,-19000.0,,77000.0,77000.0,77000.0,0.0,,,19000.0,,38821000.0,
2019-06-30,11220238000.0,511125000.0,857368000.0,511125000.0,7485000.0,,168064000.0,33171000.0,42280000.0,134893000.0,63671000.0,71222000.0,9821529000.0,9642897000.0,227513000.0,144706000.0,,10147188000.0,715356000.0,,,517000000.0,286000000.0,627429000.0,,168929000.0,231000000.0,,454929000.0,-338230000.0,697104000.0,1073050000.0,148810000.0,826170000.0,666000.0,61128817.0,52525000.0,120861000.0,68336000.0,,52525000.0,18858000.0,,20355000.0,,100437000.0,141643000.0,41206000.0,23224000.0,,,352000.0,55325000.0,14691000.0,41206000.0,40634000.0,41168000.0,96531000.0,96883000.0,40634000.0,77810000.0,122849000.0,,8122000.0,-13558000.0,5123000.0,3296000.0,-49694000.0,-5461000.0,40634000.0,-267915000.0,284134000.0,0.0,8556000.0,8556000.0,,0.0,232000.0,0.0,0.0,-100000.0,,-8556000.0,,40634000.0,
2019-09-30,11770861000.0,456207000.0,702322000.0,456207000.0,7461000.0,,208863000.0,75716000.0,,133147000.0,61925000.0,71222000.0,10312712000.0,10012587000.0,187816000.0,288974000.0,,10654621000.0,337870000.0,,,,337870000.0,626181000.0,,626181000.0,,,626181000.0,-476045000.0,924682000.0,1116240000.0,151807000.0,866879000.0,668000.0,61287595.0,53972000.0,122139000.0,68167000.0,,29435000.0,21127000.0,,24537000.0,,103303000.0,146345000.0,43042000.0,21536000.0,,,5224000.0,56672000.0,15886000.0,43042000.0,40786000.0,41303000.0,99714000.0,104938000.0,40786000.0,21431000.0,86015000.0,,194777000.0,219846000.0,5224000.0,3178000.0,93793000.0,159573000.0,40786000.0,-403378000.0,226901000.0,-35300000.0,0.0,0.0,,154000.0,154000.0,154000.0,0.0,60000000.0,,0.0,,-155046000.0,
2019-12-31,13851900000.0,773300000.0,1026175000.0,773300000.0,7556000.0,,204301000.0,73767000.0,,130534000.0,59312000.0,71222000.0,10572743000.0,10387255000.0,208026000.0,168114000.0,,11108536000.0,206199000.0,,,,206199000.0,319733000.0,,319733000.0,,,319733000.0,-468264000.0,625402000.0,1160752000.0,152635000.0,908096000.0,669000.0,61338386.0,53662000.0,125127000.0,71465000.0,,24043000.0,23643000.0,,29619000.0,,108420000.0,147288000.0,38868000.0,21207000.0,,,6040000.0,58162000.0,16867000.0,38868000.0,41295000.0,40515000.0,97030000.0,103070000.0,41295000.0,107223000.0,27073000.0,,-137943000.0,-194910000.0,6040000.0,2886000.0,-52606000.0,-117975000.0,41295000.0,-375778000.0,592408000.0,-71500000.0,0.0,0.0,,78000.0,78000.0,78000.0,0.0,-30000000.0,,0.0,,41295000.0,
2020-03-31,12159919000.0,671744000.0,854199000.0,671744000.0,7307000.0,,203199000.0,75237000.0,,127962000.0,56740000.0,71222000.0,10699427000.0,10605464000.0,191388000.0,53816000.0,,10975467000.0,76587000.0,,,,76587000.0,846785000.0,,846785000.0,,,846785000.0,-484757000.0,1164885000.0,1184452000.0,189363000.0,964076000.0,671000.0,59653192.0,51368000.0,151658000.0,100290000.0,,18721000.0,24878000.0,,32647000.0,,148616000.0,185063000.0,36447000.0,31542000.0,,,6197000.0,79868000.0,23811000.0,36447000.0,56057000.0,53578000.0,116315000.0,122512000.0,56057000.0,93308000.0,52733000.0,,-114488000.0,-159467000.0,6197000.0,3892000.0,-57026000.0,-145483000.0,56057000.0,-208478000.0,-56806000.0,14000000.0,35838000.0,35838000.0,,77000.0,77000.0,77000.0,0.0,0.0,,0.0,,56057000.0,
2020-06-30,13851900000.0,1756477000.0,1950519000.0,1756477000.0,6408000.0,,228967000.0,30564000.0,57105000.0,125389000.0,54167000.0,71222000.0,11113542000.0,187732000.0,187627000.0,292700000.0,,12621054000.0,330945000.0,,,75000000.0,75000000.0,326337000.0,,235789000.0,0.0,,310789000.0,11336694000.0,590114000.0,1230846000.0,195125000.0,1009299000.0,673000.0,59612635.0,61430000.0,139474000.0,78044000.0,,61430000.0,22070000.0,,21154000.0,,117272000.0,144143000.0,26871000.0,28702000.0,,,-2561000.0,67930000.0,22630000.0,26871000.0,45300000.0,47089000.0,94801000.0,92240000.0,45300000.0,62156000.0,68473000.0,,132966000.0,252229000.0,6982000.0,2377000.0,32913000.0,-63736000.0,45300000.0,-360805000.0,1394969000.0,0.0,3020000.0,3020000.0,,77000.0,77000.0,77000.0,0.0,121952000.0,,-3020000.0,,45300000.0,
2020-09-30,13382238000.0,907611000.0,1122161000.0,907611000.0,6333000.0,,122817000.0,,,122817000.0,51595000.0,71222000.0,666482000.0,293808000.0,203931000.0,263470000.0,,12145273000.0,315976000.0,,,,315976000.0,696343000.0,,453843000.0,,,453843000.0,-577296000.0,611928000.0,1236965000.0,210560000.0,1025156000.0,676000.0,59215934.0,64036000.0,151382000.0,87346000.0,,33150000.0,22777000.0,,30886000.0,,127327000.0,149889000.0,22562000.0,35855000.0,,,6186000.0,75836000.0,22814000.0,22562000.0,53022000.0,54304000.0,98398000.0,104584000.0,53022000.0,66291000.0,38634000.0,,80931000.0,67526000.0,8942000.0,1754000.0,62741000.0,112165000.0,53022000.0,-316103000.0,-578546000.0,45600000.0,12742000.0,12742000.0,,77000.0,77000.0,77000.0,0.0,175000000.0,,-12742000.0,,-828358000.0,
2020-12-31,14393267000.0,1129898000.0,1443195000.0,1129898000.0,6296000.0,,120644000.0,,,120644000.0,49422000.0,71222000.0,745763000.0,274477000.0,209828000.0,317571000.0,,13105785000.0,362170000.0,,,,362170000.0,600980000.0,,418480000.0,,,418480000.0,-679499000.0,657973000.0,1287482000.0,215169000.0,1079828000.0,677000.0,59072822.0,70513000.0,154810000.0,84297000.0,,38304000.0,24052000.0,,32209000.0,,134092000.0,155379000.0,21287000.0,28718000.0,,,5862000.0,78513000.0,23728000.0,21287000.0,54785000.0,55691000.0,99800000.0,105662000.0,54785000.0,218126000.0,53134000.0,,147848000.0,-6537000.0,8687000.0,4061000.0,-18435000.0,54636000.0,54785000.0,-699190000.0,802098000.0,-35445000.0,4015000.0,4015000.0,,26000.0,26000.0,26000.0,0.0,0.0,,-4015000.0,,54785000.0,
2021-03-31,14827874000.0,1148052000.0,1442955000.0,1148052000.0,6804000.0,,118133000.0,,,118133000.0,46911000.0,71222000.0,951036000.0,219216000.0,218962000.0,-570025000.0,,13482224000.0,649837000.0,,,,649837000.0,538253000.0,,365753000.0,,,365753000.0,-681633000.0,656177000.0,1345650000.0,218458000.0,1133473000.0,679000.0,59237765.0,73349000.0,156856000.0,83507000.0,,37504000.0,26916000.0,,35845000.0,,135669000.0,155674000.0,20005000.0,23887000.0,,,5865000.0,76049000.0,22404000.0,20005000.0,53645000.0,54687000.0,96054000.0,101919000.0,53645000.0,28310000.0,39622000.0,,289268000.0,322134000.0,9556000.0,3171000.0,86491000.0,267295000.0,53645000.0,-110752000.0,82202000.0,-2874000.0,0.0,0.0,,0.0,103000.0,0.0,0.0,0.0,,0.0,,53645000.0,
2021-06-30,14265565000.0,715624000.0,1037777000.0,715624000.0,-2035445000.0,,206345000.0,26296000.0,71535000.0,115972000.0,44749000.0,71222000.0,1011094000.0,189318000.0,187335000.0,2035445000.0,,12864629000.0,1150988000.0,,,422000000.0,236000000.0,574858000.0,,221358000.0,186000000.0,,457358000.0,-974536000.0,888925000.0,1400936000.0,222530000.0,1187728000.0,681000.0,59317944.0,74095000.0,157205000.0,83110000.0,,74095000.0,39508000.0,,39374000.0,,141654000.0,156921000.0,15267000.0,16801000.0,,,6211000.0,75345000.0,21090000.0,15267000.0,54255000.0,54469000.0,90612000.0,96823000.0,54255000.0,99855000.0,39111000.0,,141990000.0,109468000.0,-12785000.0,1451000.0,18752000.0,-47463000.0,54255000.0,259276000.0,-764309000.0,0.0,0.0,0.0,,0.0,103000.0,0.0,0.0,0.0,,0.0,,54255000.0,
2021-09-30,14906750000.0,1000076000.0,1269434000.0,1000076000.0,-2725311000.0,,164944000.0,,,164944000.0,69270000.0,95674000.0,459223000.0,137937000.0,135996000.0,2162146000.0,,13448129000.0,539505000.0,,,,546969000.0,413396000.0,,255896000.0,,,255896000.0,-546969000.0,667540000.0,1458621000.0,228529000.0,1247938000.0,684000.0,59494633.0,80913000.0,169344000.0,88431000.0,,42683000.0,28514000.0,,38230000.0,,146642000.0,158310000.0,11668000.0,26702000.0,,,5728000.0,84913000.0,24703000.0,11668000.0,60210000.0,59703000.0,96581000.0,102309000.0,60210000.0,-129169000.0,44944000.0,,-195919000.0,8998000.0,8109000.0,3943000.0,53677000.0,-308359000.0,60210000.0,-403220000.0,764046000.0,34400000.0,0.0,0.0,,,,0.0,0.0,0.0,,0.0,,231657000.0,
2021-12-31,15547947000.0,858732000.0,1118358000.0,858732000.0,-2083708999.0,,161954000.0,,,161954000.0,66280000.0,95674000.0,535466000.0,28651000.0,139581000.0,2083708999.0,,14024790000.0,578762000.0,,,,583754000.0,417935000.0,,260435000.0,,,260435000.0,-583754000.0,686296000.0,1523157000.0,228657000.0,1308725000.0,684000.0,59498575.0,82336000.0,172355000.0,90019000.0,,42141000.0,29760000.0,,40195000.0,,145568000.0,157076000.0,11508000.0,30787000.0,,,6785000.0,86336000.0,25549000.0,11508000.0,60787000.0,60131000.0,97844000.0,104629000.0,60787000.0,56668000.0,36248000.0,,46131000.0,59286000.0,9417000.0,4787000.0,2465000.0,48382000.0,60787000.0,-733746000.0,526002000.0,4400000.0,0.0,0.0,,,,0.0,0.0,0.0,,0.0,,60787000.0,
2022-03-31,16080950000.0,1249314000.0,1249314000.0,1249314000.0,-2035449000.0,,159150000.0,,,159150000.0,63476000.0,95674000.0,275010000.0,19977000.0,229510000.0,2035449000.0,,14495365000.0,447748000.0,,,,450246000.0,534182000.0,,381682000.0,,,381682000.0,-450246000.0,696405000.0,1585585000.0,232451000.0,1370548000.0,686000.0,59662795.0,82493000.0,173812000.0,91319000.0,,45725000.0,27207000.0,,36768000.0,,149538000.0,160181000.0,10643000.0,28774000.0,,,6061000.0,86993000.0,25170000.0,10643000.0,61823000.0,58853000.0,97636000.0,103697000.0,61823000.0,141983000.0,31294000.0,,-108456000.0,-179340000.0,9345000.0,3087000.0,80927000.0,,61823000.0,-587140000.0,576113000.0,-27000000.0,0.0,0.0,,,,0.0,0.0,0.0,,0.0,,61823000.0,
2022-06-30,17401165000.0,1202587000.0,1574699000.0,1202587000.0,-2388092000.0,,261810000.0,36209000.0,84610000.0,156405000.0,60731000.0,95674000.0,764031000.0,264276000.0,262518000.0,2333652000.0,,15758192000.0,501900000.0,,,27500000.0,27500000.0,562744000.0,,445244000.0,0.0,,472744000.0,-54440000.0,629154000.0,1642973000.0,237011000.0,1428444000.0,689000.0,59777949.0,75717000.0,186510000.0,110793000.0,,22667000.0,54643000.0,,53050000.0,,165410000.0,184161000.0,18751000.0,27100000.0,,,6022000.0,81717000.0,23821000.0,18751000.0,57896000.0,56589000.0,100468000.0,106490000.0,57896000.0,140800000.0,47372000.0,,25267000.0,-51539000.0,-13771000.0,9687000.0,-93144000.0,,57896000.0,-1052578000.0,1237163000.0,0.0,0.0,0.0,,,,0.0,0.0,0.0,,0.0,,325385000.0,
2022-09-30,18407078000.0,1698048000.0,1698048000.0,1698048000.0,-2196587000.0,,160429000.0,,,160429000.0,62741000.0,97688000.0,345331000.0,9538000.0,257634000.0,2196587000.0,,16706106000.0,206889000.0,,,,215040000.0,784268000.0,,425818000.0,,,425818000.0,-784268000.0,613084000.0,1700972000.0,239902000.0,1486851000.0,692000.0,59998673.0,74096000.0,198933000.0,124837000.0,,12794000.0,52379000.0,,61302000.0,,180475000.0,223786000.0,43311000.0,27208000.0,,,6094000.0,82846000.0,24439000.0,43311000.0,58407000.0,55570000.0,126157000.0,132251000.0,58407000.0,70821000.0,79706000.0,,-306510000.0,-305246000.0,707000.0,7921000.0,-61015000.0,,58407000.0,-1150290000.0,1202818000.0,-19500000.0,0.0,0.0,,2891000.0,2891000.0,,0.0,0.0,,0.0,,123349000.0,
2022-12-31,18741035000.0,1952513000.0,1952513000.0,1952513000.0,-2284310000.0,,157585000.0,,,157585000.0,59912000.0,97673000.0,307280000.0,4664000.0,248062000.0,2284310000.0,,16953476000.0,156008000.0,,,,161458000.0,672897000.0,,334077000.0,,,334077000.0,-672897000.0,520947000.0,1787559000.0,239941000.0,1568403000.0,692000.0,60000079.0,113711000.0,224739000.0,111028000.0,,63155000.0,40860000.0,,50556000.0,,199910000.0,279588000.0,79678000.0,28329000.0,,,5957000.0,117211000.0,35659000.0,79678000.0,81552000.0,80377000.0,196889000.0,202846000.0,81552000.0,106255000.0,115301000.0,,-107590000.0,-106002000.0,-178000.0,6061000.0,-83823000.0,,81552000.0,-261114000.0,409324000.0,-92000000.0,0.0,0.0,,,,,0.0,0.0,,0.0,,254465000.0,
2023-03-31,19782481000.0,2504224000.0,2504224000.0,2504224000.0,-3238635000.0,,154928000.0,,,154928000.0,57255000.0,97673000.0,367305000.0,8320000.0,279612000.0,2915276000.0,,17938377000.0,114613000.0,,,,117360000.0,660565000.0,,334330000.0,,,334330000.0,-660565000.0,496092000.0,1844104000.0,272203000.0,1648253000.0,694000.0,59355124.0,109184000.0,225728000.0,116544000.0,,58918000.0,41239000.0,,50266000.0,,198982000.0,307334000.0,108352000.0,32246000.0,,,5671000.0,114684000.0,34834000.0,108352000.0,79850000.0,81222000.0,223036000.0,228707000.0,79850000.0,-57829000.0,141634000.0,,-44927000.0,91236000.0,-1153000.0,5716000.0,50780000.0,,79850000.0,-396572000.0,1006112000.0,0.0,0.0,0.0,,,,,0.0,0.0,,0.0,,551711000.0,
2023-06-30,20348469000.0,2459986000.0,2233027000.0,2382086000.0,-2899356000.0,,269078000.0,53364000.0,95660000.0,152149000.0,54476000.0,97673000.0,299430000.0,233108000.0,149059000.0,2899356000.0,,18431310000.0,159832000.0,,,,0.0,451779000.0,,361779000.0,,,361779000.0,-696591000.0,535477000.0,1917159000.0,292413000.0,1735609000.0,695000.0,58943035.0,110003000.0,229459000.0,119456000.0,,22964000.0,77865000.0,,87039000.0,,203754000.0,346430000.0,142676000.0,32705000.0,,,5665000.0,117003000.0,29647000.0,142676000.0,87356000.0,86319000.0,259679000.0,265344000.0,87356000.0,68712000.0,173693000.0,,70408000.0,100713000.0,12824000.0,10517000.0,50716000.0,,87356000.0,-582375000.0,391525000.0,0.0,17358000.0,17358000.0,,53760000.0,53760000.0,,0.0,0.0,,-17358000.0,,-122138000.0,
2023-09-30,20825206000.0,2504569000.0,2413769000.0,2413769000.0,-3081679000.0,,149572000.0,,,149572000.0,51899000.0,97673000.0,98359000.0,237366000.0,236726000.0,2796256000.0,,18848998000.0,116446000.0,,,,128080999.0,537733000.0,,447733000.0,,,447733000.0,-629078000.0,,1976208000.0,323032000.0,1818254000.0,698000.0,58503976.0,118156000.0,238662000.0,120506000.0,,61756000.0,46510000.0,,56400000.0,,211155000.0,363952000.0,152797000.0,34507000.0,,,5878000.0,118156000.0,35511000.0,152797000.0,82645000.0,82867000.0,270953000.0,276831000.0,82645000.0,34187000.0,205023000.0,,-118728000.0,-55092000.0,-3101000.0,6492000.0,-88651000.0,-63374000.0,82645000.0,-506282000.0,503778000.0,0.0,18472000.0,18472000.0,,,,,0.0,0.0,,-18472000.0,,,
2023-12-31,21623764000.0,1871423000.0,1763723000.0,1763723000.0,-2448259000.0,,146793000.0,,,146793000.0,49120000.0,97673000.0,241589000.0,240141000.0,239812000.0,2182402000.0,,19545540000.0,155492000.0,,,,167849000.0,431086000.0,,341086000.0,,,341086000.0,-352885000.0,,2078224000.0,381848000.0,1970025000.0,698000.0,56898377.0,217396000.0,339235000.0,121839000.0,,162376000.0,42584000.0,,55020000.0,,228606000.0,394663000.0,166057000.0,124129000.0,,,6488000.0,217396000.0,65625000.0,166057000.0,151771000.0,154240000.0,383453000.0,389941000.0,151771000.0,113224000.0,202455000.0,,37715000.0,18479000.0,-8905000.0,10539000.0,-19566000.0,,151771000.0,-1230264000.0,466994000.0,0.0,64111000.0,64111000.0,,,,,,,,-64111000.0,,,
2024-03-31,22642133000.0,2233072000.0,2129772000.0,2129772000.0,-2629984000.0,,144324000.0,,,144324000.0,46651000.0,97673000.0,212837000.0,208174000.0,207582000.0,399075000.0,,20445840000.0,119800000.0,,,,132433000.0,19938864000.0,,330389000.0,,,330389000.0,-387176000.0,,2196293000.0,384577000.0,2080745000.0,700000.0,57079429.0,155541000.0,288769000.0,133228000.0,33163000.0,99218000.0,44643000.0,,56323000.0,,261606000.0,443564000.0,181958000.0,33163000.0,,,7221000.0,155541000.0,44821000.0,181958000.0,110720000.0,111575000.0,337499000.0,344720000.0,110720000.0,114616000.0,238972000.0,,13834000.0,-32390000.0,-25911000.0,8442000.0,26773000.0,,110720000.0,-419106000.0,886678000.0,0.0,595000.0,595000.0,,,,,,,,-595000.0,,,
2024-06-30,22855334000.0,1979979000.0,1979979000.0,1979979000.0,249828000.0,,274377000.0,72619000.0,111956000.0,141769000.0,44097000.0,97673000.0,343135000.0,141964000.0,141611000.0,2495819000.0,,20564738000.0,104177000.0,,,30000000.0,30000000.0,13892058000.0,,325679000.0,30000000.0,,355679000.0,-301127000.0,,2290596000.0,403489000.0,2185617000.0,702000.0,56894565.0,144388000.0,284923000.0,140535000.0,33163000.0,41046000.0,92002000.0,,103342000.0,,260062000.0,453428000.0,193366000.0,30861000.0,,,7499000.0,144388000.0,39516000.0,-501043000.0,104872000.0,105470000.0,337754000.0,345253000.0,104872000.0,43767000.0,265136000.0,,-142392000.0,-25373000.0,54117000.0,10488000.0,-52602000.0,63374000.0,104872000.0,-433945000.0,230043000.0,,13108000.0,13108000.0,,,,,,,,-13108000.0,,,
2024-09-30,23569084000.0,2570506000.0,2570506000.0,2570506000.0,,,139215000.0,,,139215000.0,41542000.0,97673000.0,151092000.0,138590000.0,137996000.0,3151550000.0,,21163356000.0,95883000.0,,,,95883000.0,21147356000.0,,313519000.0,,,313519000.0,3151488000.0,,2405728000.0,412965000.0,2297957000.0,706000.0,57092216.0,159192000.0,306657000.0,147465000.0,-167912000.0,96294000.0,51141000.0,,62898000.0,,292048000.0,484262000.0,192214000.0,28609000.0,,,7450000.0,159192000.0,46852000.0,-604000.0,112340000.0,114041000.0,351406000.0,358856000.0,112340000.0,70788000.0,232464000.0,,-3731000.0,30896000.0,-37358000.0,17770000.0,22746000.0,,112340000.0,-45541000.0,592833000.0,,0.0,0.0,,,,,,,,0.0,,,
