fiscal_date_ending,total_assets,total_current_assets,cash_and_cash_equivalents,cash_and_short_term_investments,inventory,current_net_receivables,total_non_current_assets,property_plant_equipment,accumulated_depreciation_amortization_ppe,intangible_assets,intangible_assets_excluding_goodwill,goodwill,investments,long_term_investments,short_term_investments,other_current_assets,other_non_current_assets,total_liabilities,total_current_liabilities,current_accounts_payable,deferred_revenue,current_debt,short_term_debt,total_non_current_liabilities,capital_lease_obligations,long_term_debt,current_long_term_debt,long_term_debt_non_current,short_long_term_debt_total,other_current_liabilities,other_non_current_liabilities,total_shareholder_equity,treasury_stock,retained_earnings,common_stock,common_stock_shares_outstanding,gross_profit,total_revenue,cost_of_revenue,cost_of_goods_and_services_sold,operating_income,selling_general_and_administrative,research_and_development,operating_expenses,investment_income_net,net_interest_income,interest_income,interest_expense,non_interest_income,other_non_operating_income,depreciation,depreciation_and_amortization,income_before_tax,income_tax_expense,interest_and_debt_expense,net_income_from_continuing_operations,comprehensive_income_net_of_tax,ebit,ebitda,net_income,operating_cashflow,payments_for_operating_activities,proceeds_from_operating_activities,change_in_operating_liabilities,change_in_operating_assets,depreciation_depletion_and_amortization,capital_expenditures,change_in_receivables,change_in_inventory,profit_loss,cashflow_from_investment,cashflow_from_financing,proceeds_from_repayments_of_short_term_debt,payments_for_repurchase_of_common_stock,payments_for_repurchase_of_equity,payments_for_repurchase_of_preferred_stock,dividend_payout,dividend_payout_common_stock,dividend_payout_preferred_stock,proceeds_from_issuance_of_common_stock,proceeds_from_issuance_of_long_term_debt_and_capital_securities_net,proceeds_from_issuance_of_preferred_stock,proceeds_from_repurchase_of_equity,proceeds_from_sale_of_treasury_stock,change_in_cash_and_cash_equivalents,change_in_exchange_rate
2009-06-30,2254394000000.0,140366000000.0,140366000000.0,140366000000.0,52795000000.0,,115158000000.0,15667000000.0,,99491000000.0,13245000000.0,86246000000.0,708681000000.0,,25710000000.0,1487594000000.0,,1999242000000.0,96236000000.0,,,96236000000.0,96236000000.0,1903006000000.0,,447187000000.0,,,543423000000.0,-96236000000.0,,255152000000.0,,79210000000.0,128717000000.0,8651459122.0,15754000000.0,32774000000.0,17020000000.0,5876000000.0,4764000000.0,9255000000.0,,18320000000.0,,11630000000.0,19592000000.0,7962000000.0,21144000000.0,,,516000000.0,2379000000.0,-845000000.0,7962000000.0,6448000000.0,3224000000.0,10341000000.0,10857000000.0,3224000000.0,19974000000.0,,,,,516000000.0,709000000.0,,,3337000000.0,-2697000000.0,-50418000000.0,-89580000000.0,,,,1288000000.0,1288000000.0,,0.0,,,13468000000.0,,-33094000000.0,47000000.0
2009-09-30,2251043000000.0,152412000000.0,152412000000.0,152412000000.0,42035000000.0,,114097000000.0,15373000000.0,,98724000000.0,12715000000.0,86009000000.0,673961000000.0,,22992000000.0,1482109000000.0,,1993360000000.0,62280000000.0,,,62280000000.0,62280000000.0,1931080000000.0,,456288000000.0,,,518568000000.0,-62280000000.0,,257683000000.0,,76881000000.0,128823000000.0,8650314133.0,9729000000.0,26035000000.0,16306000000.0,5604000000.0,-1599000000.0,9036000000.0,,16874000000.0,,11423000000.0,18523000000.0,7100000000.0,14612000000.0,,,510000000.0,-1976000000.0,-975000000.0,7100000000.0,-1001000000.0,-1001000000.0,5124000000.0,5634000000.0,-1001000000.0,22906000000.0,,,-2316000000.0,-9500000000.0,510000000.0,292000000.0,,,-1001000000.0,33911000000.0,-44928000000.0,-33957000000.0,,,,1148000000.0,1148000000.0,,0.0,20174000000.0,,13468000000.0,,12046000000.0,157000000.0
2009-12-31,2330671000000.0,121339000000.0,121339000000.0,121339000000.0,46079000000.0,,113840000000.0,15500000000.0,,98340000000.0,12026000000.0,86314000000.0,692449000000.0,,301601000000.0,1044992000000.0,,2105497000000.0,69524000000.0,,,69524000000.0,91660000000.0,1922331000000.0,,522877000000.0,,45451000000.0,614537000000.0,,,231444000000.0,,65079000000.0,128734000000.0,8650243926.0,8691000000.0,25076000000.0,16385000000.0,5824000000.0,-2676000000.0,8826000000.0,,16414000000.0,,11559000000.0,17645000000.0,6086000000.0,13517000000.0,,,432000000.0,-1419000000.0,-1225000000.0,6086000000.0,-194000000.0,460000000.0,4667000000.0,5099000000.0,-194000000.0,32054000000.0,,,4344000000.0,-23578000000.0,432000000.0,708000000.0,,,-194000000.0,-49900000000.0,-13496000000.0,7246000000.0,,,,1330000000.0,1330000000.0,,0.0,4935000000.0,,-25756000000.0,,-31073000000.0,269000000.0
2010-03-31,2338700000000.0,144794000000.0,144794000000.0,144794000000.0,37694000000.0,,113000000000.0,15147000000.0,,97853000000.0,11548000000.0,86305000000.0,706419000000.0,1529162000000.0,,1435490000000.0,,2108877000000.0,85406000000.0,,,85406000000.0,85406000000.0,2023471000000.0,,511653000000.0,,,597059000000.0,976102000000.0,406257000000.0,229823000000.0,,67811000000.0,149048000000.0,10032001150.0,14194000000.0,31969000000.0,17775000000.0,5668000000.0,1436000000.0,10623000000.0,,18154000000.0,,13749000000.0,19879000000.0,6130000000.0,18220000000.0,,,446000000.0,4389000000.0,1207000000.0,6130000000.0,3182000000.0,3856000000.0,10519000000.0,10965000000.0,3182000000.0,23876000000.0,,,6115000000.0,-12493000000.0,446000000.0,213000000.0,,,3182000000.0,5807000000.0,-6234000000.0,-6255000000.0,,,,450000000.0,450000000.0,,0.0,23280000000.0,,0.0,,23455000000.0,6000000.0
2010-06-30,2368384000000.0,151034000000.0,151034000000.0,151034000000.0,40547000000.0,,111133000000.0,14536000000.0,,96597000000.0,10796000000.0,85801000000.0,1154483000000.0,1506829000000.0,,1466910000000.0,,2130704000000.0,73358000000.0,,,73358000000.0,73358000000.0,2057346000000.0,,490083000000.0,,44170000000.0,563441000000.0,974467000000.0,307211000000.0,233174000000.0,,70497000000.0,215181000000.0,10033016719.0,3795000000.0,29153000000.0,25358000000.0,5387000000.0,-8924000000.0,10275000000.0,,18913000000.0,535000000.0,12900000000.0,19119000000.0,6219000000.0,16253000000.0,,,439000000.0,3795000000.0,672000000.0,6231000000.0,3123000000.0,3123000000.0,10014000000.0,10453000000.0,3123000000.0,15475000000.0,,,-3597000000.0,-22820000000.0,439000000.0,64000000.0,,,3123000000.0,-25880000000.0,16699000000.0,-12048000000.0,,,,440000000.0,440000000.0,,0.0,15640000000.0,,0.0,,6240000000.0,-54000000.0
2010-09-30,2339660000000.0,131116000000.0,131116000000.0,131116000000.0,35536000000.0,,100324000000.0,14320000000.0,,86004000000.0,10402000000.0,75602000000.0,1155233000000.0,1505570000000.0,,1467578000000.0,,2109165000000.0,64818000000.0,,,64818000000.0,64818000000.0,2044347000000.0,,478858000000.0,,49452000000.0,543676000000.0,977322000000.0,296605000000.0,230495000000.0,,62515000000.0,149563000000.0,10033705046.0,-5911000000.0,26700000000.0,32611000000.0,5456000000.0,-28561000000.0,9862000000.0,,27541000000.0,,12435000000.0,18209000000.0,5774000000.0,14265000000.0,,538000000.0,426000000.0,-5912000000.0,1387000000.0,5774000000.0,-7299000000.0,-7299000000.0,-138000000.0,288000000.0,-7299000000.0,38032000000.0,,,4208000000.0,-11987000000.0,426000000.0,322000000.0,,,-7299000000.0,-36882000000.0,-21256000000.0,-8539000000.0,,,,449000000.0,449000000.0,,0.0,12604000000.0,,0.0,,-19918000000.0,188000000.0
2010-12-31,2264909000000.0,108427000000.0,108427000000.0,108427000000.0,37032000000.0,,98090000000.0,14306000000.0,,83784000000.0,9923000000.0,73861000000.0,1563767000000.0,1504280000000.0,337627000000.0,1038910000000.0,,2036661000000.0,59962000000.0,,,59962000000.0,59962000000.0,1905686000000.0,,448431000000.0,,50984000000.0,508393000000.0,71013000000.0,245359000000.0,228248000000.0,,60849000000.0,150905000000.0,10085154806.0,-3562000000.0,22398000000.0,25960000000.0,6879000000.0,-18520000000.0,10312000000.0,,19937000000.0,0.0,12439000000.0,18290000000.0,5851000000.0,9959000000.0,,530000000.0,420000000.0,-3595000000.0,-2351000000.0,5851000000.0,-1244000000.0,-1157000000.0,2256000000.0,2676000000.0,-1244000000.0,5158000000.0,,,7343000000.0,21312000000.0,420000000.0,516000000.0,,,-1244000000.0,26608000000.0,-54543000000.0,-4856000000.0,,,,423000000.0,423000000.0,,0.0,691000000.0,,0.0,,-22689000000.0,88000000.0
2011-03-31,2274532000000.0,97542000000.0,97542000000.0,97542000000.0,27059000000.0,,83429000000.0,14151000000.0,,83429000000.0,9560000000.0,73869000000.0,305430000000.0,1651823000000.0,,1403288000000.0,,163942000000.0,123521000000.0,,,,58324000000.0,1920135000000.0,,641611000000.0,,53748000000.0,699935000000.0,65197000000.0,260521000000.0,230876000000.0,,62483000000.0,151379000000.0,10131803417.0,2678000000.0,26877000000.0,24199000000.0,7252000000.0,-11436000000.0,11798000000.0,,19311000000.0,,12179000000.0,17922000000.0,5743000000.0,14698000000.0,,507000000.0,385000000.0,2780000000.0,731000000.0,5743000000.0,2049000000.0,2578000000.0,8523000000.0,8908000000.0,2049000000.0,-576000000.0,,,-16827000000.0,-2651000000.0,385000000.0,352000000.0,,,2049000000.0,-13968000000.0,3557000000.0,-1638000000.0,,,,415000000.0,415000000.0,,0.0,8621000000.0,,0.0,,-10885000000.0,102000000.0
2011-06-30,2261319000000.0,119527000000.0,119527000000.0,119527000000.0,22567000000.0,,80250000000.0,13793000000.0,,80250000000.0,9176000000.0,71074000000.0,128913000000.0,1657385000000.0,,1400275000000.0,,154558000000.0,115377000000.0,,,,50632000000.0,1923766000000.0,,620793000000.0,,60737000000.0,671425000000.0,64745000000.0,240648000000.0,222176000000.0,,53254000000.0,151567000000.0,10133189501.0,-12880000000.0,13236000000.0,26116000000.0,8181000000.0,-31100000000.0,10765000000.0,,23123000000.0,,11246000000.0,17048000000.0,5802000000.0,1990000000.0,,495000000.0,382000000.0,-12875000000.0,-4049000000.0,5802000000.0,-8579000000.0,-8496000000.0,-7073000000.0,-6691000000.0,-8826000000.0,51779000000.0,,,26383000000.0,-21405000000.0,382000000.0,137000000.0,,,-8826000000.0,-1436000000.0,-28496000000.0,-7692000000.0,,,,403000000.0,403000000.0,,0.0,8338000000.0,,0.0,,21985000000.0,138000000.0
2011-09-30,2219628000000.0,82865000000.0,82865000000.0,82865000000.0,25698000000.0,,93148000000.0,13552000000.0,,79596000000.0,8764000000.0,70832000000.0,669251000000.0,1503616000000.0,,1400823000000.0,,1989376000000.0,33869000000.0,,,33869000000.0,33869000000.0,1899146000000.0,,398965000000.0,,48235000000.0,432834000000.0,56361000000.0,249231000000.0,230252000000.0,,59043000000.0,153801000000.0,10134431514.0,10840000000.0,28453000000.0,17613000000.0,5671000000.0,-2851000000.0,10452000000.0,,18317000000.0,,10490000000.0,15853000000.0,5363000000.0,17963000000.0,,494000000.0,377000000.0,7433000000.0,1201000000.0,5363000000.0,6481000000.0,3368000000.0,12796000000.0,13173000000.0,6232000000.0,-11358000000.0,,,-12780000000.0,-7341000000.0,377000000.0,253000000.0,,,6481000000.0,-6194000000.0,-18603000000.0,-16763000000.0,,,,445000000.0,445000000.0,,0.0,5977000000.0,,0.0,,-36662000000.0,-507000000.0
2011-12-31,2129046000000.0,133864000000.0,120102000000.0,120102000000.0,16365000000.0,,91625000000.0,13637000000.0,,77988000000.0,8021000000.0,69967000000.0,1034883000000.0,1459937000000.0,276151000000.0,1038023000000.0,,1898945000000.0,35698000000.0,,,35698000000.0,35698000000.0,1814193000000.0,,372265000000.0,,46239000000.0,407963000000.0,49054000000.0,215980000000.0,230101000000.0,,60520000000.0,156621000000.0,10535937957.0,5366000000.0,24888000000.0,19522000000.0,13926000000.0,-11080000000.0,10358000000.0,,19966000000.0,,10701000000.0,15413000000.0,4712000000.0,14187000000.0,,480000000.0,845000000.0,2432000000.0,441000000.0,4712000000.0,1277000000.0,-1375000000.0,7144000000.0,7989000000.0,1991000000.0,24603000000.0,,,-14900000000.0,-39063000000.0,845000000.0,565000000.0,,,1277000000.0,74027000000.0,-61112000000.0,1829000000.0,,,,475000000.0,475000000.0,,0.0,3065000000.0,,0.0,,37237000000.0,-281000000.0
2012-03-31,2181449000000.0,141765000000.0,128792000000.0,128792000000.0,15288000000.0,,90776000000.0,13104000000.0,,77672000000.0,7696000000.0,69976000000.0,674805000000.0,1483127000000.0,,1318301000000.0,,1948950000000.0,39254000000.0,,,39254000000.0,39254000000.0,1865429000000.0,,354912000000.0,,51037000000.0,394166000000.0,44267000000.0,259469000000.0,232499000000.0,,60734000000.0,157973000000.0,10775604276.0,3137000000.0,22278000000.0,19141000000.0,6130000000.0,-12317000000.0,11909000000.0,,19317000000.0,,10846000000.0,15461000000.0,4615000000.0,11432000000.0,,468000000.0,787000000.0,719000000.0,66000000.0,4615000000.0,653000000.0,1094000000.0,5334000000.0,6121000000.0,653000000.0,-15603000000.0,100000000.0,,12150000000.0,38349000000.0,787000000.0,65000000.0,,,653000000.0,-11406000000.0,35139000000.0,3506000000.0,,,,483000000.0,483000000.0,,0.0,10275000000.0,687000000.0,687000000.0,,8690000000.0,560000000.0
2012-06-30,2160854000000.0,137006000000.0,123717000000.0,123717000000.0,14830000000.0,,89964000000.0,12653000000.0,,77311000000.0,7335000000.0,69976000000.0,672376000000.0,1475197000000.0,,1307543000000.0,,1924879000000.0,39019000000.0,,,39019000000.0,39019000000.0,1847404000000.0,,301848000000.0,,48345000000.0,340867000000.0,38456000000.0,287075000000.0,235975000000.0,,62712000000.0,158001000000.0,10776869270.0,4920000000.0,21968000000.0,17048000000.0,5518000000.0,-8696000000.0,10287000000.0,,17660000000.0,,9548000000.0,13992000000.0,4444000000.0,12420000000.0,,442000000.0,321000000.0,3147000000.0,684000000.0,4444000000.0,2463000000.0,3959000000.0,7591000000.0,7912000000.0,2463000000.0,16873000000.0,56000000.0,,-2315000000.0,-20139000000.0,321000000.0,9000000.0,,,2463000000.0,9250000000.0,-30373000000.0,-788000000.0,,,,483000000.0,483000000.0,,0.0,3906000000.0,-26000000.0,-26000000.0,,-5075000000.0,-825000000.0
2012-09-30,2166162000000.0,122851000000.0,106415000000.0,106415000000.0,17660000000.0,,89442000000.0,12436000000.0,,77006000000.0,7030000000.0,69976000000.0,677895000000.0,1498040000000.0,,1331077000000.0,,1927556000000.0,35291000000.0,,,35291000000.0,35291000000.0,1854210000000.0,,286534000000.0,,49912000000.0,321825000000.0,38055000000.0,274525000000.0,238606000000.0,,62583000000.0,158066000000.0,10777267465.0,2884000000.0,20428000000.0,17544000000.0,6396000000.0,-11030000000.0,9960000000.0,,17613000000.0,,9938000000.0,13976000000.0,4038000000.0,10490000000.0,,437000000.0,315000000.0,1110000000.0,770000000.0,4038000000.0,340000000.0,3029000000.0,5148000000.0,5463000000.0,340000000.0,8817000000.0,469000000.0,,9548000000.0,5980000000.0,315000000.0,220000000.0,,,340000000.0,-17479000000.0,-9345000000.0,-3728000000.0,,,,471000000.0,471000000.0,,0.0,3829000000.0,6000000.0,6000000.0,,-17302000000.0,705000000.0
2012-12-31,2209974000000.0,130165000000.0,110752000000.0,110752000000.0,20313000000.0,,88518000000.0,11858000000.0,,76660000000.0,6684000000.0,69976000000.0,1210012000000.0,1530163000000.0,286906000000.0,1030408000000.0,,1973018000000.0,30731000000.0,,,30731000000.0,30731000000.0,1908031000000.0,,275585000000.0,,49161000000.0,306316000000.0,34256000000.0,293619000000.0,236956000000.0,,62843000000.0,158142000000.0,10778263628.0,300000000.0,18660000000.0,18360000000.0,6869000000.0,-13470000000.0,9986000000.0,,17246000000.0,,10324000000.0,13971000000.0,3647000000.0,8336000000.0,,427000000.0,736000000.0,-1904000000.0,-2636000000.0,3647000000.0,732000000.0,-1254000000.0,1743000000.0,2479000000.0,732000000.0,-26143000000.0,19468000000.0,,4678000000.0,37365000000.0,736000000.0,146000000.0,,,732000000.0,-15344000000.0,46995000000.0,-4007000000.0,,,,472000000.0,472000000.0,,0.0,4190000000.0,-34000000.0,-34000000.0,,4337000000.0,-1171000000.0
2013-03-31,2174819000000.0,120258000000.0,100980000000.0,100980000000.0,20104000000.0,,87394000000.0,11085000000.0,,76309000000.0,6379000000.0,69930000000.0,415112000000.0,1233281000000.0,305132000000.0,990492000000.0,,1937526000000.0,42148000000.0,,,42148000000.0,42148000000.0,1863917000000.0,,279641000000.0,,52361000000.0,321789000000.0,31461000000.0,248494000000.0,237293000000.0,,63844000000.0,158157000000.0,10822379936.0,3697000000.0,23197000000.0,19500000000.0,7034000000.0,-12534000000.0,11541000000.0,,19600000000.0,,10664000000.0,14101000000.0,3437000000.0,12533000000.0,,411000000.0,687000000.0,1984000000.0,501000000.0,3437000000.0,1483000000.0,792000000.0,5421000000.0,6108000000.0,1483000000.0,26468000000.0,100000000.0,,-14528000000.0,-13610000000.0,1027000000.0,262000000.0,,1206000000.0,1483000000.0,1670000000.0,-36552000000.0,11467000000.0,0.0,0.0,,482000000.0,482000000.0,,0.0,20194000000.0,12000000.0,12000000.0,,-9772000000.0,-1358000000.0
2013-06-30,2123320000000.0,98828000000.0,98828000000.0,98828000000.0,15186000000.0,,86870000000.0,10836000000.0,,76034000000.0,6104000000.0,69930000000.0,398651000000.0,1217812000000.0,281481000000.0,1018311000000.0,,1892288000000.0,46470000000.0,,,46470000000.0,46470000000.0,1819872000000.0,,262480000000.0,,46439000000.0,308950000000.0,25946000000.0,232999000000.0,232282000000.0,,67308000000.0,157192000000.0,10743097956.0,5489000000.0,22727000000.0,17238000000.0,4892000000.0,-6289000000.0,10158000000.0,,15054000000.0,,10549000000.0,13825000000.0,3276000000.0,12178000000.0,,402000000.0,274000000.0,5498000000.0,1486000000.0,3276000000.0,4012000000.0,-209000000.0,8774000000.0,9048000000.0,4012000000.0,46128000000.0,1600000000.0,,4933000000.0,-12761000000.0,274000000.0,98000000.0,,3743000000.0,4012000000.0,-3962000000.0,-43581000000.0,4272000000.0,1003000000.0,1003000000.0,,472000000.0,472000000.0,,0.0,4980000000.0,996000000.0,-7000000.0,,-2152000000.0,-737000000.0
2013-09-30,2126653000000.0,121233000000.0,121233000000.0,121233000000.0,15663000000.0,,86437000000.0,10703000000.0,,75734000000.0,5843000000.0,69891000000.0,395739000000.0,1238977000000.0,266349000000.0,1026259000000.0,,1894371000000.0,40769000000.0,,,40769000000.0,40769000000.0,1829121000000.0,,255331000000.0,,47401000000.0,296100000000.0,24481000000.0,226656000000.0,232282000000.0,,69419000000.0,156371000000.0,10683282112.0,4850000000.0,21530000000.0,16680000000.0,5420000000.0,-6859000000.0,9997000000.0,,14825000000.0,,10266000000.0,13382000000.0,3116000000.0,11264000000.0,,388000000.0,270000000.0,4845000000.0,2348000000.0,3116000000.0,2497000000.0,3383000000.0,7961000000.0,8231000000.0,2497000000.0,8227000000.0,51000000.0,,-4464000000.0,12714000000.0,270000000.0,255000000.0,,6988000000.0,2497000000.0,9602000000.0,4142000000.0,-5701000000.0,866000000.0,866000000.0,,362000000.0,362000000.0,,0.0,7506000000.0,0.0,-866000000.0,,22405000000.0,434000000.0
2013-12-31,2102273000000.0,131322000000.0,131322000000.0,131322000000.0,11985000000.0,,85893000000.0,10475000000.0,,75418000000.0,5574000000.0,69844000000.0,1233261000000.0,1494600000000.0,200993000000.0,990204000000.0,,1869588000000.0,45999000000.0,,,45999000000.0,244105000000.0,1804141000000.0,,249674000000.0,,47035000000.0,493779000000.0,19448000000.0,198359000000.0,232475000000.0,,72497000000.0,155293000000.0,10591808296.0,3849000000.0,21488000000.0,17639000000.0,3262000000.0,-7998000000.0,9620000000.0,,14773000000.0,,10786000000.0,13712000000.0,2926000000.0,10702000000.0,,396000000.0,662000000.0,3845000000.0,406000000.0,2926000000.0,3439000000.0,1805000000.0,6771000000.0,7433000000.0,3439000000.0,11994000000.0,13012000000.0,,1140000000.0,10321000000.0,959000000.0,168000000.0,,12019000000.0,3439000000.0,17748000000.0,-19451000000.0,5971000000.0,1351000000.0,1351000000.0,,361000000.0,361000000.0,,0.0,12978000000.0,0.0,-2359000000.0,,10089000000.0,-202000000.0
2014-03-31,2149851000000.0,151645000000.0,151645000000.0,151645000000.0,12940000000.0,,85530000000.0,10351000000.0,,75179000000.0,5337000000.0,69842000000.0,388013000000.0,1208287000000.0,285576000000.0,984113000000.0,,1917963000000.0,51409000000.0,,,51409000000.0,51409000000.0,1848216000000.0,,254785000000.0,,45573000000.0,306194000000.0,18338000000.0,203287000000.0,231888000000.0,,71877000000.0,153696000000.0,10530045485.0,-656000000.0,22566000000.0,23222000000.0,10047000000.0,-13975000000.0,11394000000.0,,16169000000.0,,10085000000.0,12935000000.0,2850000000.0,12481000000.0,,390000000.0,629000000.0,-681000000.0,-405000000.0,2850000000.0,-276000000.0,1144000000.0,2169000000.0,2798000000.0,-276000000.0,22723000000.0,,,13337000000.0,-193000000.0,1296000000.0,266000000.0,,,-276000000.0,-29415000000.0,27017000000.0,5410000000.0,1442000000.0,1442000000.0,,344000000.0,344000000.0,,0.0,19245000000.0,0.0,-1442000000.0,,20323000000.0,-2000000.0
2014-06-30,2170557000000.0,152899000000.0,152899000000.0,152899000000.0,9824000000.0,,85054000000.0,10145000000.0,,74909000000.0,5099000000.0,69810000000.0,479395000000.0,1150132000000.0,292861000000.0,986854000000.0,,1933146000000.0,45873000000.0,,,45873000000.0,45873000000.0,1885036000000.0,,257071000000.0,,42543000000.0,302944000000.0,2849000000.0,217922000000.0,237411000000.0,,73808000000.0,153468000000.0,10515824628.0,2789000000.0,21747000000.0,18958000000.0,7839000000.0,-8610000000.0,9841000000.0,,14327000000.0,,10013000000.0,12941000000.0,2928000000.0,11734000000.0,,391000000.0,235000000.0,2795000000.0,504000000.0,2928000000.0,2291000000.0,4617000000.0,5723000000.0,5958000000.0,2291000000.0,2404000000.0,,,2037000000.0,13049000000.0,235000000.0,185000000.0,,557000000.0,2291000000.0,-14394000000.0,10679000000.0,-5536000000.0,233000000.0,233000000.0,,360000000.0,360000000.0,,0.0,16544000000.0,1494000000.0,1261000000.0,,1254000000.0,191000000.0
2014-09-30,2123613000000.0,325057000000.0,128659000000.0,317148000000.0,8601000000.0,,84620000000.0,9987000000.0,,74633000000.0,4849000000.0,69784000000.0,473313000000.0,1181875000000.0,188489000000.0,942080000000.0,,1884932000000.0,251200000000.0,,,251200000000.0,251200000000.0,1859209000000.0,,250115000000.0,,40048000000.0,501315000000.0,5591000000.0,217925000000.0,238681000000.0,,72811000000.0,153472000000.0,10515893904.0,431000000.0,21209000000.0,20778000000.0,9747000000.0,-17103000000.0,11300000000.0,,17534000000.0,,10219000000.0,12858000000.0,2639000000.0,10990000000.0,,,234000000.0,431000000.0,663000000.0,2639000000.0,-232000000.0,-1036000000.0,3070000000.0,3304000000.0,-232000000.0,-232000000.0,,,,-7151000000.0,234000000.0,233000000.0,,806000000.0,-232000000.0,11867000000.0,-34183000000.0,-12598000000.0,0.0,0.0,,765000000.0,765000000.0,,0.0,11128000000.0,3067000000.0,3067000000.0,,-24240000000.0,-1474000000.0
2014-12-31,2104534000000.0,343210000000.0,138589000000.0,330374000000.0,13533000000.0,,84438000000.0,10049000000.0,,74389000000.0,4612000000.0,69777000000.0,1005302000000.0,1124275000000.0,191785000000.0,890968000000.0,,1861063000000.0,232435000000.0,,,232435000000.0,232449000000.0,1816584000000.0,,243139000000.0,522497000000.0,36404000000.0,475588000000.0,13307000000.0,201277000000.0,243476000000.0,,75024000000.0,153458000000.0,10516542476.0,4310000000.0,20372000000.0,14415000000.0,2736000000.0,-7336000000.0,11018000000.0,,11646000000.0,,10462000000.0,12980000000.0,2518000000.0,9910000000.0,,,228000000.0,5418000000.0,1681000000.0,2517000000.0,3050000000.0,4460000000.0,7936000000.0,8164000000.0,3737000000.0,10623000000.0,,,,-8072000000.0,1241000000.0,476000000.0,,,3050000000.0,27738000000.0,-15714000000.0,-2103000000.0,0.0,0.0,,837000000.0,837000000.0,,0.0,4656000000.0,1396000000.0,1396000000.0,,9930000000.0,-1782000000.0
2015-03-31,2143545000000.0,359135000000.0,162543000000.0,349403000000.0,10628000000.0,,84000000000.0,9833000000.0,,74167000000.0,4391000000.0,69776000000.0,496539000000.0,1182018000000.0,186860000000.0,903133000000.0,,1893357000000.0,237028000000.0,,,237028000000.0,237028000000.0,1846145000000.0,,237858000000.0,,32875000000.0,474886000000.0,13942000000.0,203758000000.0,250188000000.0,,77472000000.0,153410000000.0,10520400507.0,4742000000.0,20914000000.0,16460000000.0,3984000000.0,-8403000000.0,12562000000.0,,13145000000.0,,9411000000.0,11923000000.0,2512000000.0,11503000000.0,,,213000000.0,4322000000.0,1225000000.0,2512000000.0,3357000000.0,4710000000.0,6834000000.0,7047000000.0,3097000000.0,-6320000000.0,,,,4331000000.0,1191000000.0,179000000.0,,626000000.0,3357000000.0,-8575000000.0,38512000000.0,2098000000.0,0.0,0.0,,846000000.0,846000000.0,319000000.0,0.0,9254000000.0,2964000000.0,2964000000.0,,23954000000.0,-1291000000.0
2015-06-30,2149034000000.0,359534000000.0,163514000000.0,352620000000.0,7732000000.0,,83663000000.0,9700000000.0,,73963000000.0,4188000000.0,69775000000.0,499615000000.0,1120378000000.0,189106000000.0,886858000000.0,,1897375000000.0,252927000000.0,,,252927000000.0,252927000000.0,1857472000000.0,,243414000000.0,,32920000000.0,496341000000.0,1149560000000.0,213024000000.0,251659000000.0,,81938000000.0,152638000000.0,10471836636.0,7519000000.0,21956000000.0,14598000000.0,3860000000.0,-3682000000.0,10814000000.0,,11201000000.0,,10461000000.0,13105000000.0,2644000000.0,11495000000.0,,,212000000.0,7218000000.0,2084000000.0,2644000000.0,5320000000.0,3097000000.0,9862000000.0,10074000000.0,5134000000.0,5320000000.0,,,,8526000000.0,212000000.0,258000000.0,,2246000000.0,5320000000.0,-9854000000.0,17830000000.0,6633000000.0,775000000.0,775000000.0,,917000000.0,917000000.0,,0.0,16407000000.0,0.0,-775000000.0,,971000000.0,946000000.0
2015-09-30,2152962000000.0,359286000000.0,170426000000.0,350444000000.0,9379000000.0,,83288000000.0,9554000000.0,,73734000000.0,3973000000.0,69761000000.0,491671000000.0,1185691000000.0,180018000000.0,904054000000.0,,1897101000000.0,233756000000.0,,,233756000000.0,233756000000.0,1862583000000.0,,237288000000.0,,29185000000.0,471044000000.0,1162009000000.0,199238000000.0,255861000000.0,,85485000000.0,151841000000.0,10427305035.0,6069000000.0,20992000000.0,14613000000.0,3712000000.0,-5315000000.0,10946000000.0,,11384000000.0,,9900000000.0,12396000000.0,2496000000.0,11092000000.0,,,207000000.0,6247000000.0,1628000000.0,2496000000.0,4508000000.0,6095000000.0,8743000000.0,8950000000.0,4619000000.0,4508000000.0,,,,-12664000000.0,207000000.0,242000000.0,,,4508000000.0,-13874000000.0,-13938000000.0,-5385000000.0,800000000.0,800000000.0,,961000000.0,961000000.0,,0.0,8295000000.0,0.0,-800000000.0,,6912000000.0,-178000000.0
2015-12-31,2144287000000.0,343333000000.0,159353000000.0,335880000000.0,7897000000.0,,83014000000.0,9485000000.0,,73529000000.0,3768000000.0,69761000000.0,953662000000.0,1124737000000.0,176527000000.0,899688000000.0,,1888111000000.0,28098000000.0,,,28098000000.0,202389000000.0,1845940000000.0,,236764000000.0,477603000000.0,30097000000.0,439153000000.0,14073000000.0,174291000000.0,255615000000.0,,88219000000.0,151042000000.0,10380265063.0,3824000000.0,19582000000.0,14682000000.0,2154000000.0,-7582000000.0,10780000000.0,,11406000000.0,,9686000000.0,12583000000.0,2897000000.0,9896000000.0,,,202000000.0,4879000000.0,1521000000.0,2897000000.0,2703000000.0,2039000000.0,7776000000.0,7978000000.0,3358000000.0,13052000000.0,,,,-5176000000.0,1306000000.0,,,,2703000000.0,-22651000000.0,6181000000.0,-6420000000.0,799000000.0,799000000.0,,850000000.0,850000000.0,,0.0,9714000000.0,0.0,-799000000.0,,-11073000000.0,-74000000.0
2016-03-31,2185726000000.0,364789000000.0,179610000000.0,358597000000.0,6623000000.0,,82697000000.0,9358000000.0,,73339000000.0,3578000000.0,69761000000.0,487966000000.0,1224456000000.0,178987000000.0,1082153000000.0,,1922722000000.0,219841000000.0,,,219841000000.0,219841000000.0,1891841000000.0,,232849000000.0,219841000000.0,31261000000.0,452690000000.0,1217261000000.0,188960000000.0,263004000000.0,,90270000000.0,150774000000.0,10312660252.0,3699000000.0,20790000000.0,15813000000.0,3922000000.0,-8638000000.0,11762000000.0,,12337000000.0,,10485000000.0,13008000000.0,2523000000.0,10305000000.0,,,187000000.0,4977000000.0,1505000000.0,2524000000.0,2680000000.0,6001000000.0,7500000000.0,7687000000.0,3472000000.0,20170000000.0,,,,-3933000000.0,1989000000.0,,,947000000.0,2680000000.0,-21374000000.0,29382000000.0,2783000000.0,1000000000.0,1000000000.0,,974000000.0,974000000.0,,0.0,6260000000.0,2069000000.0,1069000000.0,,20257000000.0,1406000000.0
2016-06-30,2186966000000.0,355420000000.0,171207000000.0,346572000000.0,9283000000.0,,82246000000.0,9150000000.0,,73096000000.0,3352000000.0,69744000000.0,499295000000.0,1130793000000.0,175365000000.0,1070403000000.0,,1919540000000.0,211113000000.0,,,211113000000.0,211113000000.0,1886489000000.0,,229617000000.0,211113000000.0,31449000000.0,440730000000.0,1216091000000.0,178062000000.0,267426000000.0,,93623000000.0,149554000000.0,10216780615.0,5929000000.0,21286000000.0,14469000000.0,3793000000.0,-5077000000.0,10550000000.0,,11006000000.0,,10118000000.0,12574000000.0,2456000000.0,11168000000.0,,,186000000.0,6817000000.0,2034000000.0,2455000000.0,4232000000.0,5643000000.0,9273000000.0,9459000000.0,4783000000.0,4304000000.0,,,,4198000000.0,186000000.0,,,,4232000000.0,-9116000000.0,-15417000000.0,2170000000.0,1383000000.0,1383000000.0,,879000000.0,879000000.0,,0.0,9523000000.0,878000000.0,-505000000.0,,-8403000000.0,837000000.0
2016-09-30,2195314000000.0,341869000000.0,143434000000.0,331283000000.0,10974000000.0,,82045000000.0,9133000000.0,,72912000000.0,3168000000.0,69744000000.0,514822000000.0,1252060000000.0,187849000000.0,1062467000000.0,,1925231000000.0,26889000000.0,,,26889000000.0,26889000000.0,1887133000000.0,,225136000000.0,205084000000.0,32619000000.0,252025000000.0,11209000000.0,178195000000.0,270083000000.0,,98303000000.0,148261000000.0,10123845121.0,7304000000.0,21635000000.0,14331000000.0,3776000000.0,-3656000000.0,10529000000.0,,10960000000.0,,10201000000.0,12610000000.0,2409000000.0,11434000000.0,,,181000000.0,7304000000.0,2349000000.0,2409000000.0,4955000000.0,5223000000.0,9713000000.0,9894000000.0,4955000000.0,5056000000.0,,,,2401000000.0,181000000.0,,,,4955000000.0,-32510000000.0,3860000000.0,-6022000000.0,1399000000.0,1399000000.0,,1178000000.0,1178000000.0,,0.0,8898000000.0,0.0,-1399000000.0,,-27773000000.0,351000000.0
2016-12-31,2188067000000.0,337013000000.0,147738000000.0,327947000000.0,20113000000.0,,81030000000.0,9139000000.0,,71891000000.0,2922000000.0,68969000000.0,957148000000.0,1127233000000.0,180209000000.0,1066507000000.0,,1921872000000.0,23944000000.0,,,23944000000.0,23944000000.0,1886272000000.0,,216823000000.0,464986000000.0,30037000000.0,240767000000.0,10646000000.0,170291000000.0,266195000000.0,,101225000000.0,147038000000.0,10052625604.0,6055000000.0,19990000000.0,13935000000.0,3347000000.0,-4680000000.0,10267000000.0,,10735000000.0,,10292000000.0,12865000000.0,2573000000.0,9698000000.0,,,176000000.0,5923000000.0,1311000000.0,2573000000.0,4696000000.0,-975000000.0,8496000000.0,8672000000.0,4612000000.0,-24048000000.0,,,,11643000000.0,1107000000.0,,,,4696000000.0,715000000.0,15328000000.0,-2945000000.0,1330000000.0,1330000000.0,,1163000000.0,1163000000.0,,0.0,10856000000.0,0.0,-1330000000.0,,4304000000.0,-2354000000.0
2017-03-31,2247794000000.0,391820000000.0,168025000000.0,377069000000.0,26139000000.0,,81054000000.0,9319000000.0,,71735000000.0,2766000000.0,68969000000.0,515555000000.0,1159003000000.0,209044000000.0,953672000000.0,,1979548000000.0,44162000000.0,,,44162000000.0,44162000000.0,1923442000000.0,,221385000000.0,230260000000.0,29617000000.0,265547000000.0,11944000000.0,186098000000.0,267990000000.0,,105467000000.0,144782000000.0,9974189863.0,6565000000.0,22248000000.0,15683000000.0,3755000000.0,-5802000000.0,11931000000.0,,12367000000.0,,11058000000.0,13710000000.0,2652000000.0,11190000000.0,,,162000000.0,7320000000.0,1983000000.0,2652000000.0,4856000000.0,5309000000.0,9972000000.0,10134000000.0,5337000000.0,-12989000000.0,,,,2032000000.0,706000000.0,,,,4856000000.0,-13941000000.0,46404000000.0,20131000000.0,2728000000.0,2728000000.0,,1255000000.0,1255000000.0,,0.0,17378000000.0,0.0,-2728000000.0,,20287000000.0,813000000.0
2017-06-30,2254714000000.0,380955000000.0,158704000000.0,375073000000.0,6207000000.0,,80483000000.0,8904000000.0,,71579000000.0,2610000000.0,68969000000.0,515620000000.0,1167232000000.0,216369000000.0,955954000000.0,,1983542000000.0,36494000000.0,,,36494000000.0,36494000000.0,1937283000000.0,,223923000000.0,491704000000.0,29073000000.0,260417000000.0,9765000000.0,196407000000.0,270660000000.0,,109628000000.0,142744000000.0,9878118264.0,8377000000.0,22829000000.0,14452000000.0,3977000000.0,-2565000000.0,10590000000.0,,10942000000.0,,10986000000.0,14146000000.0,3160000000.0,11843000000.0,,,160000000.0,8121000000.0,3015000000.0,3160000000.0,5269000000.0,5817000000.0,11281000000.0,11441000000.0,5106000000.0,9649000000.0,,,,2550000000.0,160000000.0,,,2640000000.0,5269000000.0,-9984000000.0,-9637000000.0,-7727000000.0,2236000000.0,2236000000.0,,1148000000.0,1148000000.0,,0.0,16255000000.0,0.0,-2236000000.0,,-9321000000.0,651000000.0
2017-09-30,2284174000000.0,395943000000.0,172381000000.0,382700000000.0,13542000000.0,,80398000000.0,8971000000.0,,71427000000.0,2459000000.0,68968000000.0,513971000000.0,1300715000000.0,210319000000.0,975702000000.0,,2011437000000.0,32679000000.0,,,32679000000.0,32679000000.0,1969301000000.0,,228666000000.0,505174000000.0,29897000000.0,261345000000.0,9457000000.0,189844000000.0,271969000000.0,,113486000000.0,142818000000.0,10457473674.0,7866000000.0,21839000000.0,13973000000.0,3621000000.0,-2791000000.0,10366000000.0,,10657000000.0,,11161000000.0,14657000000.0,3496000000.0,10678000000.0,,,151000000.0,7611000000.0,2187000000.0,3496000000.0,5587000000.0,5861000000.0,11107000000.0,11258000000.0,5424000000.0,20304000000.0,,,,8631000000.0,151000000.0,,,,5587000000.0,-15699000000.0,8658000000.0,-3821000000.0,2981000000.0,2981000000.0,,1721000000.0,1721000000.0,,0.0,17069000000.0,0.0,-2981000000.0,,13677000000.0,414000000.0
2017-12-31,2281234000000.0,378222000000.0,157434000000.0,366792000000.0,11718000000.0,,80510000000.0,9247000000.0,,71263000000.0,2312000000.0,68951000000.0,1079881000000.0,1184944000000.0,209358000000.0,1102722000000.0,,2014088000000.0,32666000000.0,,,32666000000.0,32666000000.0,1971549000000.0,,227402000000.0,42057000000.0,31786000000.0,260068000000.0,9873000000.0,176902000000.0,267146000000.0,,113816000000.0,138089000000.0,10287302431.0,6405000000.0,20210000000.0,14031000000.0,4605000000.0,-4126000000.0,10236000000.0,,10531000000.0,,12034000000.0,15066000000.0,3032000000.0,8176000000.0,,,148000000.0,6161000000.0,3796000000.0,3604000000.0,2520000000.0,1451000000.0,9193000000.0,9341000000.0,2365000000.0,-7100000000.0,,,,8852000000.0,-17000000.0,,,,2520000000.0,-11917000000.0,3843000000.0,-45000000.0,4869000000.0,4869000000.0,,1576000000.0,1576000000.0,,0.0,2784000000.0,0.0,-4869000000.0,,-14947000000.0,227000000.0
2018-03-31,2328478000000.0,411945000000.0,204241000000.0,402718000000.0,9543000000.0,,80527000000.0,9399000000.0,,71128000000.0,2177000000.0,68951000000.0,522506000000.0,1179391000000.0,198477000000.0,1150324000000.0,,2062254000000.0,38073000000.0,,,38073000000.0,38073000000.0,2014130000000.0,,232256000000.0,29646000000.0,30062000000.0,270329000000.0,10051000000.0,178566000000.0,266224000000.0,,120298000000.0,133532000000.0,10175910851.0,8394000000.0,23070000000.0,14731000000.0,3698000000.0,-3070000000.0,11213000000.0,,11464000000.0,,11769000000.0,15599000000.0,3830000000.0,11301000000.0,,,135000000.0,8394000000.0,1476000000.0,3991000000.0,6918000000.0,2935000000.0,12224000000.0,12359000000.0,6918000000.0,40354000000.0,,,,-15333000000.0,610000000.0,,,4131000000.0,6918000000.0,-22849000000.0,28602000000.0,5407000000.0,4858000000.0,4858000000.0,,1674000000.0,1674000000.0,,0.0,20934000000.0,2349000000.0,-2509000000.0,,46807000000.0,700000000.0
2018-06-30,2291670000000.0,381130000000.0,171199000000.0,374619000000.0,263000000.0,,80530000000.0,9537000000.0,,70993000000.0,2042000000.0,68951000000.0,538469000000.0,1180905000000.0,203420000000.0,1154058000000.0,,2027454000000.0,40622000000.0,,,40622000000.0,40622000000.0,1976967000000.0,,226595000000.0,13181000000.0,28377000000.0,267217000000.0,9865000000.0,177942000000.0,264216000000.0,,125546000000.0,128822000000.0,10012719225.0,8498000000.0,22549000000.0,14111000000.0,3583000000.0,-2446000000.0,10723000000.0,,10944000000.0,,11828000000.0,16369000000.0,4541000000.0,10721000000.0,,,135000000.0,8498000000.0,1714000000.0,4719000000.0,6784000000.0,5729000000.0,13039000000.0,13174000000.0,6784000000.0,-6518000000.0,,,,352000000.0,135000000.0,,,5537000000.0,6784000000.0,1980000000.0,-27085000000.0,2549000000.0,4965000000.0,7778000000.0,,1571000000.0,1571000000.0,,0.0,21492000000.0,1322000000.0,-6456000000.0,,-33042000000.0,-1419000000.0
2018-09-30,2338833000000.0,409576000000.0,184858000000.0,403976000000.0,265000000.0,,80539000000.0,9680000000.0,,70859000000.0,1908000000.0,68951000000.0,537324000000.0,1190402000000.0,219118000000.0,1195044000000.0,,2076675000000.0,29035000000.0,,,29035000000.0,29035000000.0,2036616000000.0,,234100000000.0,7376000000.0,28677000000.0,263135000000.0,11024000000.0,171639000000.0,262158000000.0,,130747000000.0,123921000000.0,9858252641.0,8994000000.0,22724000000.0,13783000000.0,3522000000.0,-1790000000.0,10560000000.0,,10784000000.0,,12061000000.0,16965000000.0,4904000000.0,10663000000.0,,,134000000.0,8994000000.0,1827000000.0,5095000000.0,7167000000.0,5664000000.0,13898000000.0,14032000000.0,7167000000.0,19606000000.0,,,,-5237000000.0,361000000.0,,,6391000000.0,7167000000.0,-26282000000.0,21045000000.0,-11587000000.0,5040000000.0,6739000000.0,1699000000.0,1905000000.0,1905000000.0,,0.0,18447000000.0,844000000.0,-5895000000.0,,13659000000.0,-710000000.0
2018-12-31,2354507000000.0,187771000000.0,177404000000.0,177404000000.0,244000000.0,,80631000000.0,9906000000.0,,70725000000.0,1774000000.0,68951000000.0,1768544000000.0,1409386000000.0,229366000000.0,1236454000000.0,,2089182000000.0,20189000000.0,,,20189000000.0,20189000000.0,2058049000000.0,,229392000000.0,37975000000.0,27689000000.0,249529000000.0,10944000000.0,187018000000.0,265325000000.0,,136314000000.0,118896000000.0,9669286370.0,8698000000.0,22677000000.0,14038000000.0,-59000000.0,27723000000.0,-19336000000.0,,-19025000000.0,,12504000000.0,17836000000.0,5332000000.0,10173000000.0,,,134000000.0,8698000000.0,1420000000.0,6261000000.0,7278000000.0,9903000000.0,14030000000.0,14164000000.0,7278000000.0,-13922000000.0,,,,7169000000.0,524000000.0,,,,7278000000.0,-24317000000.0,30556000000.0,-8847000000.0,5231000000.0,5231000000.0,0.0,1745000000.0,1745000000.0,,0.0,3405000000.0,0.0,-5231000000.0,,-7454000000.0,229000000.0
2019-03-31,2377164000000.0,177920000000.0,171623000000.0,171623000000.0,236000000.0,,80902000000.0,10251000000.0,,70651000000.0,1700000000.0,68951000000.0,1177858000000.0,1223788000000.0,231613000000.0,1252955000000.0,,2110154000000.0,14008000000.0,,,14008000000.0,14008000000.0,2058049000000.0,,233929000000.0,14008000000.0,31625000000.0,247937000000.0,17125000000.0,188476000000.0,267010000000.0,,141888000000.0,112838000000.0,9568389268.0,8767000000.0,23004000000.0,14237000000.0,10596000000.0,5097000000.0,3571000000.0,,3670000000.0,,12375000000.0,18170000000.0,5795000000.0,10629000000.0,,,26000000.0,8767000000.0,1456000000.0,5795000000.0,7311000000.0,9480000000.0,14562000000.0,14588000000.0,7311000000.0,15101000000.0,,,,-8329000000.0,418000000.0,,,,7311000000.0,-4767000000.0,-15508000000.0,-6181000000.0,6263000000.0,6263000000.0,0.0,1926000000.0,1926000000.0,,0.0,14716000000.0,0.0,-6263000000.0,,-5174000000.0,
2019-06-30,2395892000000.0,176794000000.0,171394000000.0,171394000000.0,205000000.0,,81077000000.0,10426000000.0,,70651000000.0,1700000000.0,68951000000.0,1211234000000.0,1256588000000.0,235979000000.0,1251647000000.0,,2124484000000.0,27244000000.0,,,27244000000.0,27244000000.0,2089847000000.0,,238011000000.0,27244000000.0,35198000000.0,265255000000.0,7393000000.0,194975000000.0,271408000000.0,,147577000000.0,106619000000.0,9342601750.0,8959000000.0,23084000000.0,14125000000.0,10465000000.0,5082000000.0,3734000000.0,,3877000000.0,,12189000000.0,18224000000.0,6035000000.0,10895000000.0,,,29000000.0,8959000000.0,1611000000.0,6035000000.0,7348000000.0,9913000000.0,14994000000.0,15023000000.0,7348000000.0,-6725000000.0,,,,714000000.0,434000000.0,,,,7348000000.0,-2451000000.0,7923000000.0,13236000000.0,6507000000.0,6507000000.0,0.0,1696000000.0,1696000000.0,,0.0,17777000000.0,2363000000.0,-4144000000.0,,7348000000.0,
2019-09-30,2426330000000.0,166905000000.0,157094000000.0,157094000000.0,188000000.0,,81144000000.0,10493000000.0,,70651000000.0,1700000000.0,68951000000.0,1218125000000.0,1282095000000.0,244872000000.0,1287584000000.0,,2157943000000.0,30682000000.0,,,30682000000.0,30682000000.0,2118701000000.0,,243405000000.0,30682000000.0,36773000000.0,274087000000.0,8560000000.0,202093000000.0,268387000000.0,,151183000000.0,99215000000.0,9079264535.0,6859000000.0,22807000000.0,15948000000.0,12484000000.0,2826000000.0,3652000000.0,,4033000000.0,,12187000000.0,17916000000.0,5729000000.0,10620000000.0,,,29000000.0,6859000000.0,1082000000.0,5729000000.0,5777000000.0,7637000000.0,12588000000.0,12617000000.0,5777000000.0,-5702000000.0,,,,6134000000.0,438000000.0,,,,5777000000.0,-30133000000.0,22828000000.0,3438000000.0,7626000000.0,9989000000.0,2363000000.0,464000000.0,464000000.0,,0.0,12656000000.0,1280000000.0,-8709000000.0,,5777000000.0,
2019-12-31,2434079000000.0,170760000000.0,161560000000.0,161560000000.0,285000000.0,,90912000000.0,10561000000.0,,70651000000.0,1700000000.0,68951000000.0,2897868000000.0,1469209000000.0,245639000000.0,1253526000000.0,,2169269000000.0,24204000000.0,,,24204000000.0,24204000000.0,2136347000000.0,,240856000000.0,24204000000.0,34975000000.0,265060000000.0,8718000000.0,165131000000.0,264810000000.0,,156319000000.0,91723000000.0,8836148954.0,8169000000.0,22349000000.0,14180000000.0,,2091000000.0,5908000000.0,,6078000000.0,,12140000000.0,16926000000.0,4786000000.0,10209000000.0,,,28000000.0,8169000000.0,1175000000.0,4786000000.0,6994000000.0,5978000000.0,12955000000.0,12983000000.0,6994000000.0,59103000000.0,,,,10868000000.0,439000000.0,,,,6994000000.0,-43279000000.0,-11866000000.0,-32372000000.0,7748000000.0,7953000000.0,205000000.0,1848000000.0,1848000000.0,,0.0,7271000000.0,0.0,-7953000000.0,,3958000000.0,
2020-03-31,2619954000000.0,258252000000.0,250390000000.0,250390000000.0,275000000.0,,91443000000.0,10792000000.0,,70551000000.0,1600000000.0,68951000000.0,2271299000000.0,258839000000.0,206221000000.0,1395832000000.0,,2355036000000.0,30118000000.0,,,30118000000.0,30118000000.0,2318131000000.0,,256712000000.0,30118000000.0,32163000000.0,286830000000.0,6787000000.0,170082000000.0,264918000000.0,,155866000000.0,85745000000.0,8675487435.0,4767000000.0,22767000000.0,18000000000.0,10676000000.0,1003000000.0,3724000000.0,,3764000000.0,,12130000000.0,16098000000.0,3968000000.0,10637000000.0,,,16000000.0,4531000000.0,521000000.0,3968000000.0,4010000000.0,10523000000.0,8499000000.0,8515000000.0,4010000000.0,19043000000.0,,,,19600000000.0,432000000.0,,,,4010000000.0,-90411000000.0,161147000000.0,10838000000.0,6362000000.0,7434000000.0,1072000000.0,2083000000.0,2083000000.0,,0.0,18728000000.0,1098000000.0,-6336000000.0,,89779000000.0,
2020-06-30,2741688000000.0,296727000000.0,289346000000.0,289346000000.0,169000000.0,,91341000000.0,10790000000.0,,70551000000.0,1600000000.0,68951000000.0,2217553000000.0,1258585000000.0,190432000000.0,1505152000000.0,,2476051000000.0,17998000000.0,,,17998000000.0,17998000000.0,2451192000000.0,,261638000000.0,17998000000.0,33825000000.0,279636000000.0,6861000000.0,179046000000.0,265637000000.0,,157578000000.0,85794000000.0,8664081625.0,4141000000.0,22326000000.0,18185000000.0,10461000000.0,128000000.0,3940000000.0,,4013000000.0,,10848000000.0,12540000000.0,1692000000.0,11478000000.0,,,16000000.0,3799000000.0,266000000.0,1692000000.0,3533000000.0,2491000000.0,5491000000.0,5507000000.0,3533000000.0,-3006000000.0,,,,-22160000000.0,448000000.0,,,,3533000000.0,-88349000000.0,129132000000.0,-3139000000.0,286000000.0,286000000.0,0.0,1833000000.0,1833000000.0,,0.0,11976000000.0,0.0,-286000000.0,,3533000000.0,
2020-09-30,2738452000000.0,305440000000.0,301006000000.0,301006000000.0,135000000.0,,91953000000.0,10902000000.0,,71151000000.0,2200000000.0,68951000000.0,2427376000000.0,304231000000.0,233692000000.0,1310623000000.0,,2469602000000.0,17861000000.0,,,17861000000.0,17861000000.0,2445999000000.0,,255723000000.0,17861000000.0,30455000000.0,273584000000.0,5742000000.0,190788000000.0,268850000000.0,,160447000000.0,85954000000.0,8661522562.0,4755000000.0,20336000000.0,15581000000.0,11380000000.0,200000000.0,3889000000.0,,4555000000.0,,10129000000.0,11486000000.0,1357000000.0,10207000000.0,,,30000000.0,4546000000.0,-335000000.0,1357000000.0,4881000000.0,5065000000.0,5903000000.0,5933000000.0,4881000000.0,-32638000000.0,,,,12638000000.0,476000000.0,,,,4881000000.0,54977000000.0,-12398000000.0,11608000000.0,114000000.0,114000000.0,0.0,1983000000.0,1983000000.0,,0.0,10154000000.0,0.0,-114000000.0,,4881000000.0,
2020-12-31,2819627000000.0,389706000000.0,380463000000.0,380463000000.0,164000000.0,,92151000000.0,11000000000.0,,71151000000.0,2200000000.0,68951000000.0,3359414000000.0,255276000000.0,234491000000.0,1244825000000.0,,2546703000000.0,19321000000.0,,,19321000000.0,19321000000.0,2520329000000.0,,262934000000.0,19321000000.0,32200000000.0,282255000000.0,7053000000.0,170339000000.0,272924000000.0,,164088000000.0,85982000000.0,8650814105.0,6087000000.0,20099000000.0,14012000000.0,,-357000000.0,6305000000.0,,6444000000.0,,10253000000.0,11461000000.0,1208000000.0,9846000000.0,,,33000000.0,6119000000.0,649000000.0,1208000000.0,5470000000.0,4792000000.0,7327000000.0,7360000000.0,5470000000.0,54594000000.0,,,,2405000000.0,487000000.0,,,,5470000000.0,-53882000000.0,77938000000.0,-18986000000.0,263000000.0,263000000.0,0.0,1828000000.0,1828000000.0,,0.0,16155000000.0,1083000000.0,820000000.0,,78650000000.0,
2021-03-31,2969992000000.0,333996000000.0,326101000000.0,326101000000.0,137000000.0,,91527000000.0,10803000000.0,,71051000000.0,2100000000.0,68951000000.0,2944725000000.0,330674000000.0,270613000000.0,1173654000000.0,,2695992000000.0,21724000000.0,,,21724000000.0,21724000000.0,2668982000000.0,,251211000000.0,21724000000.0,30514000000.0,272935000000.0,5286000000.0,199454000000.0,274000000000.0,,170082000000.0,83071000000.0,8589731470.0,9117000000.0,22821000000.0,13704000000.0,12339000000.0,5037000000.0,4029000000.0,,4080000000.0,,10197000000.0,11395000000.0,1198000000.0,12624000000.0,,,17000000.0,9166000000.0,1116000000.0,1198000000.0,8050000000.0,6234000000.0,10364000000.0,10381000000.0,8050000000.0,-52328000000.0,,,,21830000000.0,461000000.0,,,,8050000000.0,-113080000000.0,113627000000.0,31523000000.0,3470000000.0,4563000000.0,1093000000.0,2114000000.0,2114000000.0,,0.0,13132000000.0,902000000.0,-3661000000.0,,-51781000000.0,
2021-06-30,3029894000000.0,268307000000.0,260030000000.0,260030000000.0,93000000.0,,92000000000.0,10747000000.0,,71223000000.0,2200000000.0,69023000000.0,3134890000000.0,1232047000000.0,278181000000.0,1203130000000.0,,2752775000000.0,21635000000.0,,,21635000000.0,21635000000.0,2726003000000.0,,274604000000.0,21635000000.0,30361000000.0,296239000000.0,5137000000.0,213802000000.0,277119000000.0,,177499000000.0,79242000000.0,8487151465.0,7901000000.0,21466000000.0,13565000000.0,11385000000.0,3383000000.0,4443000000.0,,4518000000.0,,10233000000.0,11387000000.0,1154000000.0,11233000000.0,,,20000000.0,8042000000.0,-1182000000.0,1154000000.0,9224000000.0,9633000000.0,9196000000.0,9216000000.0,9224000000.0,-9311000000.0,,,,3081000000.0,469000000.0,,,,9224000000.0,-108606000000.0,51320000000.0,14255000000.0,4209000000.0,5087000000.0,878000000.0,1831000000.0,1831000000.0,,0.0,35045000000.0,0.0,-5087000000.0,,9224000000.0,
2021-09-30,3085446000000.0,289269000000.0,279854000000.0,279854000000.0,87000000.0,,91998000000.0,10684000000.0,,71223000000.0,2200000000.0,69023000000.0,3197180000000.0,1257183000000.0,275358000000.0,1217237000000.0,,2812982000000.0,20278000000.0,,,20278000000.0,20278000000.0,2788874000000.0,,278621000000.0,20278000000.0,28696000000.0,298899000000.0,3830000000.0,207438000000.0,272464000000.0,,183007000000.0,69612000000.0,8241243911.0,8801000000.0,22766000000.0,13965000000.0,11256000000.0,4755000000.0,3961000000.0,,4046000000.0,,11094000000.0,12336000000.0,1242000000.0,11672000000.0,,,19000000.0,8950000000.0,1259000000.0,1242000000.0,7691000000.0,7158000000.0,10192000000.0,10211000000.0,7691000000.0,9795000000.0,,,,9429000000.0,473000000.0,,,,7691000000.0,-32698000000.0,43663000000.0,-7716000000.0,9914000000.0,9914000000.0,0.0,2145000000.0,2145000000.0,,0.0,17282000000.0,0.0,-9914000000.0,,7691000000.0,
2021-12-31,3169495000000.0,363856000000.0,348221000000.0,348221000000.0,130000000.0,,92288000000.0,10833000000.0,,71222000000.0,2200000000.0,69022000000.0,4085700000000.0,1229707000000.0,299178000000.0,1221804000000.0,,2899429000000.0,23753000000.0,,,23753000000.0,23753000000.0,23753000000.0,,280117000000.0,23753000000.0,29708000000.0,303870000000.0,-23753000000.0,192336000000.0,270066000000.0,,188064000000.0,62398000000.0,8077831463.0,7736000000.0,22060000000.0,14324000000.0,,519000000.0,7188000000.0,,7217000000.0,,11410000000.0,12554000000.0,1144000000.0,10650000000.0,,,20000000.0,7818000000.0,805000000.0,1144000000.0,7013000000.0,5505000000.0,8962000000.0,8982000000.0,7013000000.0,44651000000.0,,,,43750000000.0,495000000.0,,,,7013000000.0,-58907000000.0,83040000000.0,-11624000000.0,7533000000.0,7533000000.0,0.0,1965000000.0,1965000000.0,,0.0,11216000000.0,1267000000.0,-6266000000.0,,68784000000.0,
2022-03-31,3238223000000.0,284204000000.0,273934000000.0,273934000000.0,118000000.0,,92162000000.0,10820000000.0,,71122000000.0,2100000000.0,69022000000.0,3299161000000.0,1283280000000.0,289287000000.0,-631032000000.0,,2971606000000.0,24789000000.0,,,24789000000.0,24789000000.0,24789000000.0,,278710000000.0,24789000000.0,30459000000.0,303499000000.0,-24789000000.0,214691000000.0,266617000000.0,,192929000000.0,59968000000.0,8062102236.0,7801000000.0,23228000000.0,15427000000.0,11999000000.0,3528000000.0,4147000000.0,,4273000000.0,,11572000000.0,12894000000.0,1322000000.0,11656000000.0,,,20000000.0,7879000000.0,812000000.0,1322000000.0,7067000000.0,-1246000000.0,9201000000.0,9221000000.0,7067000000.0,-45430000000.0,,,,21708000000.0,494000000.0,,,,7067000000.0,-68408000000.0,40886000000.0,23392000000.0,2650000000.0,2650000000.0,0.0,2222000000.0,2222000000.0,,0.0,21123000000.0,2429000000.0,-221000000.0,,-72952000000.0,
2022-06-30,3111606000000.0,204656000000.0,198002000000.0,198002000000.0,162000000.0,,92101000000.0,11016000000.0,,71122000000.0,2100000000.0,69022000000.0,4017288000000.0,1226937000000.0,266254000000.0,6654000000.0,,2842488000000.0,27886000000.0,,,27886000000.0,27886000000.0,27886000000.0,,275697000000.0,27886000000.0,28375000000.0,303583000000.0,-27886000000.0,204319000000.0,269118000000.0,,197159000000.0,59499000000.0,8035221887.0,6974000000.0,22688000000.0,15714000000.0,11833000000.0,2192000000.0,4264000000.0,,4782000000.0,,12444000000.0,14975000000.0,2531000000.0,10244000000.0,,,20000000.0,6892000000.0,645000000.0,2531000000.0,6247000000.0,2990000000.0,9423000000.0,9443000000.0,6247000000.0,-5049000000.0,,,,-9751000000.0,491000000.0,,,,6247000000.0,16738000000.0,-84651000000.0,-7281000000.0,975000000.0,975000000.0,0.0,1995000000.0,1995000000.0,,0.0,19558000000.0,1997000000.0,1022000000.0,,6247000000.0,
2022-09-30,3072953000000.0,212605000000.0,204976000000.0,204976000000.0,75000000.0,,91982000000.0,11117000000.0,,71122000000.0,2100000000.0,69022000000.0,3935664000000.0,1173416000000.0,226339000000.0,7629000000.0,,2803429000000.0,21044000000.0,,,21044000000.0,21044000000.0,21044000000.0,,269122000000.0,21044000000.0,27531000000.0,290166000000.0,-21044000000.0,215636000000.0,269524000000.0,,201957000000.0,59460000000.0,8024450244.0,8354000000.0,24502000000.0,16148000000.0,11835000000.0,3474000000.0,4353000000.0,,4880000000.0,,13765000000.0,19621000000.0,5856000000.0,10737000000.0,,,20000000.0,8301000000.0,1219000000.0,5856000000.0,7082000000.0,2729000000.0,14157000000.0,14177000000.0,7082000000.0,13154000000.0,,,,-844000000.0,491000000.0,,,,7082000000.0,34761000000.0,-37889000000.0,4478000000.0,450000000.0,450000000.0,0.0,2254000000.0,2254000000.0,,0.0,14521000000.0,0.0,-450000000.0,,7082000000.0,
2022-12-31,3051375000000.0,234003000000.0,230203000000.0,230203000000.0,170000000.0,,92387000000.0,11510000000.0,,71122000000.0,2100000000.0,69022000000.0,2668032000000.0,1158371000000.0,220788000000.0,133776000000.0,,2778178000000.0,26932000000.0,,,26932000000.0,26932000000.0,2497615000000.0,,275982000000.0,26932000000.0,33070000000.0,302914000000.0,-26932000000.0,195648000000.0,273197000000.0,,207003000000.0,58953000000.0,7996777943.0,10383000000.0,24532000000.0,14149000000.0,,2811000000.0,7453000000.0,,7572000000.0,,14681000000.0,25075000000.0,10394000000.0,9851000000.0,,,19000000.0,7897000000.0,765000000.0,10394000000.0,7132000000.0,7003000000.0,18291000000.0,18310000000.0,7132000000.0,30998000000.0,,,,-7050000000.0,502000000.0,,,,7132000000.0,14380000000.0,-24385000000.0,-14104000000.0,998000000.0,1652000000.0,654000000.0,2105000000.0,2105000000.0,,0.0,10708000000.0,0.0,-1652000000.0,,20993000000.0,
2023-03-31,3194657000000.0,380218000000.0,376218000000.0,376218000000.0,117000000.0,,92357000000.0,11708000000.0,,71122000000.0,2100000000.0,69022000000.0,2668458000000.0,1111983000000.0,162410000000.0,158623000000.0,,2914461000000.0,56564000000.0,,,56564000000.0,56564000000.0,56564000000.0,,283873000000.0,56564000000.0,39413000000.0,340437000000.0,-56564000000.0,314387000000.0,280196000000.0,,213062000000.0,57264000000.0,7972438148.0,10020000000.0,26258000000.0,16238000000.0,12656000000.0,5420000000.0,4491000000.0,,4600000000.0,,14448000000.0,28655000000.0,14207000000.0,11810000000.0,,,20000000.0,9089000000.0,928000000.0,14207000000.0,8161000000.0,10790000000.0,23296000000.0,23316000000.0,8161000000.0,-11300000000.0,,,,18363000000.0,503000000.0,,,,8161000000.0,30846000000.0,126121000000.0,148377000000.0,2215000000.0,2215000000.0,0.0,2352000000.0,2352000000.0,,0.0,14319000000.0,0.0,-2215000000.0,,145667000000.0,
2023-06-30,3123198000000.0,377653000000.0,373553000000.0,373553000000.0,148000000.0,,92057000000.0,11688000000.0,,71021000000.0,2000000000.0,69021000000.0,2585282000000.0,1067558000000.0,132005000000.0,1043272000000.0,,2839879000000.0,41017000000.0,,,41017000000.0,41017000000.0,286073000000.0,,286073000000.0,41017000000.0,40622000000.0,327090000000.0,-41017000000.0,,283319000000.0,,218397000000.0,57267000000.0,7953563116.0,9159000000.0,25197000000.0,16038000000.0,12398000000.0,4403000000.0,4460000000.0,,4756000000.0,,14158000000.0,32354000000.0,18196000000.0,11039000000.0,,,20000000.0,8034000000.0,626000000.0,18196000000.0,7408000000.0,5193000000.0,26230000000.0,26250000000.0,7408000000.0,11786000000.0,,,,-4400000000.0,510000000.0,,,,7408000000.0,57884000000.0,-71695000000.0,-41300000000.0,550000000.0,550000000.0,0.0,2091000000.0,2091000000.0,,0.0,16390000000.0,0.0,-550000000.0,,,
2023-09-30,3153090000000.0,356026000000.0,351726000000.0,351726000000.0,160000000.0,,92029000000.0,11821000000.0,,71021000000.0,2000000000.0,69021000000.0,2588811000000.0,1085282000000.0,165610000000.0,7591000000.0,,2866026000000.0,40196000000.0,,,40196000000.0,40196000000.0,290359000000.0,,290359000000.0,40196000000.0,39443000000.0,330555000000.0,-40196000000.0,,287064000000.0,,223749000000.0,56710000000.0,7923357339.0,9329000000.0,25167000000.0,15838000000.0,12236000000.0,4716000000.0,4517000000.0,,4613000000.0,,14379000000.0,33624000000.0,19245000000.0,10788000000.0,,,20000000.0,8095000000.0,293000000.0,19245000000.0,7802000000.0,6752000000.0,27340000000.0,27360000000.0,7802000000.0,11772000000.0,,,,4469000000.0,517000000.0,,,,7802000000.0,-59934000000.0,27628000000.0,11255000000.0,1000000000.0,1000000000.0,0.0,2411000000.0,2411000000.0,,0.0,22246000000.0,0.0,-1000000000.0,,,
2023-12-31,3180151000000.0,337573000000.0,333073000000.0,333073000000.0,-68805000000.0,,92026000000.0,11855000000.0,,71021000000.0,2000000000.0,69021000000.0,2693975000000.0,1017946000000.0,251000000.0,981003000000.0,,2888505000000.0,45198000000.0,,,45198000000.0,45198000000.0,1929669000000.0,,302204000000.0,32098000000.0,42809000000.0,347402000000.0,-32098000000.0,,291646000000.0,,224672000000.0,56365000000.0,7895457665.0,-2100000000.0,21959000000.0,2100000000.0,,-4200000000.0,2100000000.0,,2100000000.0,,13946000000.0,35629000000.0,21683000000.0,8013000000.0,,,19000000.0,3124000000.0,-20000000.0,21683000000.0,-4200000000.0,7148000000.0,24807000000.0,24826000000.0,3144000000.0,32724000000.0,,,,21133000000.0,527000000.0,,,,-4200000000.0,-64183000000.0,11291000000.0,-24918000000.0,811000000.0,811000000.0,0.0,2233000000.0,2233000000.0,,,12441000000.0,0.0,-811000000.0,,,
2024-03-31,3273803000000.0,317904000000.0,313404000000.0,313404000000.0,-414254000000.0,,91910000000.0,11901000000.0,,71021000000.0,2000000000.0,69021000000.0,2829745000000.0,1073922000000.0,477013000000.0,1041634000000.0,,2980251000000.0,38895000000.0,,,38895000000.0,38895000000.0,550876000000.0,,296346000000.0,38895000000.0,43975000000.0,335241000000.0,2060822000000.0,,293552000000.0,,228902000000.0,54310000000.0,7866868200.0,8581000000.0,25818000000.0,17237000000.0,13583000000.0,3150000000.0,5314000000.0,,5431000000.0,,14032000000.0,36285000000.0,22253000000.0,11786000000.0,,,20000000.0,7262000000.0,588000000.0,22253000000.0,6674000000.0,6405000000.0,29515000000.0,29535000000.0,6674000000.0,-15539000000.0,,,,11869000000.0,538000000.0,,,,6674000000.0,-71322000000.0,68658000000.0,52568000000.0,2500000000.0,2500000000.0,0.0,2519000000.0,2519000000.0,,,15662000000.0,0.0,-2500000000.0,,,
2024-09-30,3324293000000.0,295836000000.0,295589000000.0,295836000000.0,,,91568000000.0,12033000000.0,,70921000000.0,1900000000.0,69021000000.0,2812895000000.0,1053128000000.0,247000000.0,-106221000000.0,,3027781000000.0,38440000000.0,,,38440000000.0,38440000000.0,562715000000.0,,296927000000.0,38440000000.0,53554000000.0,335367000000.0,2028668000000.0,,296512000000.0,,237954000000.0,48338000000.0,7688767832.0,8866000000.0,25345000000.0,16479000000.0,12619000000.0,3961000000.0,4847000000.0,,4905000000.0,,13967000000.0,37491000000.0,23524000000.0,11378000000.0,,,20000000.0,7324000000.0,428000000.0,,6896000000.0,10191000000.0,3961000000.0,3981000000.0,6896000000.0,6896000000.0,,,,13534000000.0,20000000.0,,,,6896000000.0,35402000000.0,17188000000.0,0.0,6258000000.0,0.0,,2476000000.0,2493000000.0,,,0.0,0.0,0.0,,,
2024-12-31,3261519000000.0,290361000000.0,290114000000.0,290361000000.0,,,91716000000.0,12168000000.0,,71021000000.0,2000000000.0,69021000000.0,2757105000000.0,1061416000000.0,247000000.0,,,2965960000000.0,67591000000.0,,,67591000000.0,67591000000.0,532971000000.0,,283279000000.0,43391000000.0,50005000000.0,350870000000.0,2058110000000.0,,295559000000.0,,242349000000.0,45336000000.0,7610862311.0,8560000000.0,25347000000.0,16787000000.0,46965000000.0,-4090000000.0,8562000000.0,,12650000000.0,,14359000000.0,35977000000.0,21618000000.0,10988000000.0,,,19000000.0,7108000000.0,443000000.0,,6665000000.0,5714000000.0,-4090000000.0,-4071000000.0,6665000000.0,25914000000.0,,,,-5846000000.0,559000000.0,,,,6665000000.0,9410000000.0,-36768000000.0,-61249000000.0,3535000000.0,4935000000.0,1400000000.0,2275000000.0,2275000000.0,,,14090000000.0,,-4935000000.0,,,
