fiscal_date_ending,total_assets,total_current_assets,cash_and_cash_equivalents,cash_and_short_term_investments,inventory,current_net_receivables,total_non_current_assets,property_plant_equipment,accumulated_depreciation_amortization_ppe,intangible_assets,intangible_assets_excluding_goodwill,goodwill,investments,long_term_investments,short_term_investments,other_current_assets,other_non_current_assets,total_liabilities,total_current_liabilities,current_accounts_payable,deferred_revenue,current_debt,short_term_debt,total_non_current_liabilities,capital_lease_obligations,long_term_debt,current_long_term_debt,long_term_debt_non_current,short_long_term_debt_total,other_current_liabilities,other_non_current_liabilities,total_shareholder_equity,treasury_stock,retained_earnings,common_stock,common_stock_shares_outstanding,gross_profit,total_revenue,cost_of_revenue,cost_of_goods_and_services_sold,operating_income,selling_general_and_administrative,research_and_development,operating_expenses,investment_income_net,net_interest_income,interest_income,interest_expense,non_interest_income,other_non_operating_income,depreciation,depreciation_and_amortization,income_before_tax,income_tax_expense,interest_and_debt_expense,net_income_from_continuing_operations,comprehensive_income_net_of_tax,ebit,ebitda,net_income,operating_cashflow,payments_for_operating_activities,proceeds_from_operating_activities,change_in_operating_liabilities,change_in_operating_assets,depreciation_depletion_and_amortization,capital_expenditures,change_in_receivables,change_in_inventory,profit_loss,cashflow_from_investment,cashflow_from_financing,proceeds_from_repayments_of_short_term_debt,payments_for_repurchase_of_common_stock,payments_for_repurchase_of_equity,payments_for_repurchase_of_preferred_stock,dividend_payout,dividend_payout_common_stock,dividend_payout_preferred_stock,proceeds_from_issuance_of_common_stock,proceeds_from_issuance_of_long_term_debt_and_capital_securities_net,proceeds_from_issuance_of_preferred_stock,proceeds_from_repurchase_of_equity,proceeds_from_sale_of_treasury_stock,change_in_cash_and_cash_equivalents,change_in_exchange_rate
2011-06-30,150415000000.0,20997000000.0,20997000000.0,20997000000.0,14105000000.0,,36000000.0,20989000000.0,,11083000000.0,11083000000.0,30046000000.0,,7160000000.0,12298000000.0,4180000000.0,,108383000000.0,53848000000.0,,,,2027000000.0,54535000000.0,,9994000000.0,,,12021000000.0,26409000000.0,43655000000.0,41118000000.0,,4729000000.0,15000000.0,1500844394.0,5250000000.0,39373000000.0,34123000000.0,33793000000.0,2451000000.0,2924000000.0,,3089000000.0,124000000.0,-155000000.0,,155000000.0,-10000000.0,298000000.0,,463000000.0,2931000000.0,-61000000.0,165000000.0,2655000000.0,3069000000.0,3086000000.0,3549000000.0,2992000000.0,5064000000.0,,,,,463000000.0,1172000000.0,,,3037000000.0,-5226000000.0,-287000000.0,,,,,214000000.0,214000000.0,,0.0,,,,,-311000000.0,138000000.0
2011-09-30,148497000000.0,20604000000.0,20604000000.0,20604000000.0,15220000000.0,,84487000000.0,21556000000.0,,10498000000.0,10498000000.0,29883000000.0,,7534000000.0,11680000000.0,3467000000.0,,102881000000.0,51748000000.0,,,,1543000000.0,51133000000.0,,10122000000.0,,,11665000000.0,24559000000.0,40210000000.0,44744000000.0,,6595000000.0,16000000.0,1564366673.0,4594000000.0,36719000000.0,32125000000.0,31734000000.0,1806000000.0,50000000.0,,136000000.0,112000000.0,-101000000.0,,101000000.0,-35000000.0,117000000.0,,430000000.0,2214000000.0,107000000.0,136000000.0,1715000000.0,1948000000.0,2315000000.0,2745000000.0,2107000000.0,2037000000.0,,,,,430000000.0,1573000000.0,,,2092000000.0,-1317000000.0,-576000000.0,-47000000.0,,,,214000000.0,214000000.0,,0.0,,,,,-393000000.0,-537000000.0
2011-12-31,144603000000.0,64923000000.0,16071000000.0,33224000000.0,14324000000.0,9964000000.0,79680000000.0,23005000000.0,,39033000000.0,10014000000.0,29019000000.0,6790000000.0,6790000000.0,16148000000.0,1169000000.0,2416000000.0,105612000000.0,53226000000.0,24551000000.0,,,1682000000.0,52386000000.0,,7888000000.0,,,13332000000.0,21099000000.0,12442000000.0,38120000000.0,,7183000000.0,16000000.0,1564727289.0,4422000000.0,37990000000.0,33568000000.0,33174000000.0,450000000.0,12000000000.0,8124000000.0,891000000.0,92000000.0,-339000000.0,,339000000.0,8000000.0,,,408000000.0,432000000.0,-293000000.0,-468000000.0,3531000000.0,-6548000000.0,771000000.0,1179000000.0,725000000.0,1442000000.0,,,,4659000000.0,568000000.0,2178000000.0,1579000000.0,,747000000.0,-6236000000.0,298000000.0,-38000000.0,,,,267000000.0,267000000.0,,0.0,,,,,-4533000000.0,-37000000.0
2012-03-31,150194000000.0,69216000000.0,17378000000.0,32988000000.0,15844000000.0,12485000000.0,80978000000.0,24275000000.0,,38120000000.0,9687000000.0,28433000000.0,21878000000.0,7192000000.0,14686000000.0,1985000000.0,3411000000.0,110054000000.0,56577000000.0,27576000000.0,,,5350000000.0,53477000000.0,,8874000000.0,,,14224000000.0,23651000000.0,12754000000.0,39256000000.0,,8283000000.0,16000000.0,1565842758.0,4418000000.0,37759000000.0,33341000000.0,32910000000.0,996000000.0,72000000.0,,1358000000.0,89000000.0,-110000000.0,,110000000.0,-18000000.0,257000000.0,,398000000.0,1531000000.0,216000000.0,128000000.0,927000000.0,1408000000.0,1641000000.0,2039000000.0,1315000000.0,2499000000.0,-286000000.0,21000000.0,,89000000.0,398000000.0,1994000000.0,,,1350000000.0,-1292000000.0,-28000000.0,-146000000.0,,,,217000000.0,217000000.0,,3000000.0,,,3000000.0,,1307000000.0,128000000.0
2012-06-30,151987000000.0,70233000000.0,22184000000.0,34299000000.0,15433000000.0,11117000000.0,81754000000.0,25026000000.0,,37597000000.0,9192000000.0,28405000000.0,18683000000.0,7302000000.0,11381000000.0,2087000000.0,3151000000.0,110377000000.0,56651000000.0,26425000000.0,,,5092000000.0,53726000000.0,,9701000000.0,,,14793000000.0,25134000000.0,12735000000.0,40700000000.0,,9889000000.0,16000000.0,1565941048.0,4449000000.0,37614000000.0,33165000000.0,32678000000.0,1821000000.0,55000000.0,,565000000.0,86000000.0,-118000000.0,,118000000.0,0.0,139000000.0,,392000000.0,2087000000.0,241000000.0,118000000.0,1601000000.0,1619000000.0,2205000000.0,2597000000.0,1846000000.0,3942000000.0,184000000.0,,,-111000000.0,392000000.0,2065000000.0,,,1901000000.0,467000000.0,594000000.0,-10000000.0,,,,242000000.0,242000000.0,,0.0,,,0.0,,4806000000.0,-197000000.0
2012-09-30,155456000000.0,72107000000.0,23320000000.0,34594000000.0,15672000000.0,13015000000.0,83349000000.0,26578000000.0,,37312000000.0,8904000000.0,28408000000.0,18127000000.0,7519000000.0,10411000000.0,2110000000.0,2778000000.0,112827000000.0,57623000000.0,26313000000.0,,,6278000000.0,55204000000.0,,10375000000.0,,,16653000000.0,25032000000.0,12757000000.0,41659000000.0,,11533000000.0,16000000.0,1565979895.0,4327000000.0,37576000000.0,33249000000.0,32735000000.0,1603000000.0,8557000000.0,,611000000.0,84000000.0,-128000000.0,,128000000.0,0.0,318000000.0,,389000000.0,2190000000.0,357000000.0,128000000.0,1436000000.0,1104000000.0,2318000000.0,2707000000.0,1833000000.0,3383000000.0,127000000.0,,,2099000000.0,389000000.0,1945000000.0,,,1854000000.0,-3456000000.0,1157000000.0,-65000000.0,,,,220000000.0,220000000.0,,0.0,,,-3000000.0,,1136000000.0,52000000.0
2012-12-31,149422000000.0,69996000000.0,18422000000.0,28096000000.0,14714000000.0,10395000000.0,79426000000.0,24196000000.0,,8782000000.0,6809000000.0,1973000000.0,16050000000.0,6883000000.0,8988000000.0,1536000000.0,2358000000.0,112422000000.0,53992000000.0,25166000000.0,,,5051000000.0,58430000000.0,,10532000000.0,,,15583000000.0,22449000000.0,13169000000.0,36244000000.0,,10057000000.0,14000000.0,1366373526.0,-3135000000.0,39307000000.0,42442000000.0,41913000000.0,-34783000000.0,5347000000.0,7400000000.0,44048000000.0,84000000.0,-416000000.0,,416000000.0,-232000000.0,,,389000000.0,-34451000000.0,-35645000000.0,648000000.0,-3135000000.0,-134000000.0,-34035000000.0,-33646000000.0,1194000000.0,781000000.0,-24000000.0,,,-940000000.0,577000000.0,2064000000.0,-1578000000.0,-326000000.0,1031000000.0,776000000.0,-6464000000.0,-26000000.0,,5098000000.0,,260000000.0,260000000.0,,0.0,,,-5094000000.0,,-4898000000.0,9000000.0
2013-03-31,153775000000.0,72570000000.0,20643000000.0,27916000000.0,15200000000.0,12559000000.0,81205000000.0,24893000000.0,,8965000000.0,6997000000.0,1968000000.0,14030000000.0,7470000000.0,6560000000.0,1543000000.0,2377000000.0,115440000000.0,56539000000.0,27117000000.0,,,6972000000.0,58901000000.0,,11452000000.0,,,18424000000.0,22450000000.0,13428000000.0,37587000000.0,,11017000000.0,14000000.0,1400000000.0,3896000000.0,36884000000.0,32988000000.0,32617000000.0,959000000.0,2952000000.0,,462000000.0,79000000.0,-91000000.0,,91000000.0,0.0,726000000.0,,384000000.0,1584000000.0,409000000.0,91000000.0,1185000000.0,1616000000.0,1675000000.0,2059000000.0,1175000000.0,819000000.0,212000000.0,,,47000000.0,384000000.0,1940000000.0,,,1185000000.0,-524000000.0,2167000000.0,50000000.0,,0.0,,218000000.0,0.0,,0.0,,,0.0,,2221000000.0,-255000000.0
2013-06-30,163110000000.0,77745000000.0,19697000000.0,27022000000.0,14777000000.0,11119000000.0,85365000000.0,25351000000.0,,8591000000.0,6598000000.0,1993000000.0,13925000000.0,7463000000.0,6258000000.0,1699000000.0,2598000000.0,124106000000.0,60021000000.0,26820000000.0,,,9961000000.0,64085000000.0,,16787000000.0,,,26748000000.0,23240000000.0,13472000000.0,38374000000.0,,12191000000.0,14000000.0,1400000000.0,4850000000.0,39075000000.0,34225000000.0,33824000000.0,1751000000.0,2925000000.0,,702000000.0,77000000.0,-61000000.0,,61000000.0,-240000000.0,440000000.0,,394000000.0,2156000000.0,742000000.0,301000000.0,1388000000.0,985000000.0,2217000000.0,2611000000.0,1414000000.0,4893000000.0,183000000.0,,,-109000000.0,394000000.0,1893000000.0,,,1388000000.0,-5277000000.0,-314000000.0,48000000.0,,0.0,,256000000.0,0.0,,0.0,,,0.0,,-946000000.0,-234000000.0
2013-09-30,168539000000.0,81164000000.0,20355000000.0,29529000000.0,15357000000.0,11067000000.0,87375000000.0,26247000000.0,,8317000000.0,6364000000.0,1953000000.0,16521000000.0,7897000000.0,8215000000.0,1774000000.0,2896000000.0,131178000000.0,62563000000.0,27242000000.0,,,11439000000.0,68615000000.0,,20684000000.0,,,32123000000.0,23882000000.0,14046000000.0,36778000000.0,,12903000000.0,14000000.0,1400000000.0,2170000000.0,38983000000.0,36813000000.0,33166000000.0,2256000000.0,2876000000.0,,3010000000.0,33000000.0,-65000000.0,,65000000.0,2000000.0,356000000.0,,60000000.0,2559000000.0,842000000.0,63000000.0,1705000000.0,1776000000.0,2624000000.0,2316000000.0,1717000000.0,1560000000.0,145000000.0,,,42000000.0,1475000000.0,1947000000.0,,,1705000000.0,-4788000000.0,1466000000.0,-29000000.0,,0.0,,1045000000.0,0.0,,0.0,,,0.0,,658000000.0,120000000.0
2013-12-31,166231000000.0,81501000000.0,20021000000.0,30240000000.0,14039000000.0,8535000000.0,84843000000.0,25867000000.0,,7228000000.0,5668000000.0,1560000000.0,17066000000.0,8094000000.0,8972000000.0,1662000000.0,2352000000.0,123170000000.0,62412000000.0,23621000000.0,,,14158000000.0,60758000000.0,,22025000000.0,,,36183000000.0,23357000000.0,13353000000.0,42607000000.0,,13816000000.0,15000000.0,1500000000.0,40485000000.0,40485000000.0,42838000000.0,35318000000.0,165000000.0,3629000000.0,7200000000.0,13909000000.0,,-832000000.0,,832000000.0,26000000.0,-671000000.0,,2393000000.0,1174000000.0,134000000.0,806000000.0,40485000000.0,5908000000.0,2006000000.0,2558000000.0,1040000000.0,1053000000.0,1179000000.0,,,586000000.0,8041000000.0,1785000000.0,82000000.0,59000000.0,1053000000.0,-3773000000.0,412000000.0,87000000.0,,0.0,,168000000.0,0.0,,0.0,,,0.0,,-334000000.0,-31000000.0
2014-03-31,173606000000.0,86825000000.0,19426000000.0,29430000000.0,14837000000.0,11734000000.0,86781000000.0,26367000000.0,,7005000000.0,5442000000.0,1563000000.0,25496000000.0,8747000000.0,8716000000.0,1747000000.0,2324000000.0,130766000000.0,69222000000.0,27715000000.0,,,14849000000.0,61544000000.0,,22918000000.0,,,37767000000.0,26658000000.0,13641000000.0,42222000000.0,,13457000000.0,16000000.0,1600000000.0,-2133000000.0,37408000000.0,39541000000.0,34127000000.0,-535000000.0,2941000000.0,,4642000000.0,53000000.0,-103000000.0,,103000000.0,0.0,,,694000000.0,-11000000.0,-224000000.0,103000000.0,280000000.0,188000000.0,92000000.0,159000000.0,213000000.0,1976000000.0,208000000.0,,,,1607000000.0,1759000000.0,,,280000000.0,-2837000000.0,718000000.0,384000000.0,,0.0,,571000000.0,481000000.0,,0.0,,,0.0,,-595000000.0,-452000000.0
2014-06-30,179098000000.0,91643000000.0,19864000000.0,31124000000.0,15200000000.0,11480000000.0,87455000000.0,27023000000.0,,6793000000.0,5220000000.0,1573000000.0,26392000000.0,7485000000.0,9935000000.0,1910000000.0,2425000000.0,136513000000.0,72347000000.0,26992000000.0,,,15803000000.0,64166000000.0,,24273000000.0,,,40076000000.0,29552000000.0,14999000000.0,41994000000.0,,13162000000.0,16000000.0,1600000000.0,-711000000.0,39649000000.0,40360000000.0,35851000000.0,-471000000.0,3343000000.0,,3683000000.0,52000000.0,-100000000.0,,100000000.0,0.0,604000000.0,,604000000.0,24000000.0,-254000000.0,100000000.0,287000000.0,283000000.0,124000000.0,133000000.0,278000000.0,1348000000.0,239000000.0,,,,1819000000.0,1666000000.0,,,287000000.0,-4763000000.0,-481000000.0,-125000000.0,,0.0,,622000000.0,481000000.0,,0.0,,,0.0,,438000000.0,71000000.0
2014-09-30,176908000000.0,86640000000.0,18060000000.0,27630000000.0,15210000000.0,10892000000.0,90268000000.0,27375000000.0,,6644000000.0,5085000000.0,1559000000.0,25329000000.0,7983000000.0,9570000000.0,1851000000.0,2377000000.0,133345000000.0,67329000000.0,24773000000.0,,,13386000000.0,66016000000.0,,27719000000.0,,,41105000000.0,29170000000.0,14371000000.0,43002000000.0,,13975000000.0,16000000.0,1600000000.0,970000000.0,39255000000.0,38285000000.0,34054000000.0,1227000000.0,2921000000.0,,3178000000.0,50000000.0,-96000000.0,,96000000.0,2000000.0,738000000.0,,736000000.0,1898000000.0,427000000.0,94000000.0,1442000000.0,1674000000.0,1994000000.0,1963000000.0,1471000000.0,1716000000.0,232000000.0,,,,1676000000.0,1664000000.0,,,1442000000.0,-3825000000.0,-483000000.0,-1195000000.0,168000000.0,168000000.0,,588000000.0,483000000.0,,0.0,,,0.0,,-1804000000.0,-409000000.0
2014-12-31,177311000000.0,83626000000.0,18954000000.0,28176000000.0,13642000000.0,9078000000.0,93875000000.0,27743000000.0,,6410000000.0,4983000000.0,1427000000.0,24761000000.0,8350000000.0,9222000000.0,1540000000.0,1957000000.0,141477000000.0,65657000000.0,22529000000.0,,,14988000000.0,75820000000.0,,31853000000.0,46665000000.0,,46841000000.0,26562000000.0,14082000000.0,35457000000.0,,14577000000.0,16000000.0,1600000000.0,39617000000.0,39617000000.0,37313000000.0,34050000000.0,1309000000.0,2953000000.0,7400000000.0,2078000000.0,,-1530000000.0,,1530000000.0,200000000.0,,,463000000.0,2266000000.0,279000000.0,1330000000.0,39617000000.0,-3156000000.0,3796000000.0,1772000000.0,1987000000.0,2009000000.0,1604000000.0,,,,8041000000.0,2002000000.0,,-309000000.0,2009000000.0,-4273000000.0,2315000000.0,1327000000.0,3109000000.0,3109000000.0,,1384000000.0,483000000.0,,0.0,,,-3109000000.0,,894000000.0,-440000000.0
2015-03-31,179589000000.0,83231000000.0,15776000000.0,24185000000.0,14051000000.0,11569000000.0,96687000000.0,27755000000.0,,6297000000.0,6297000000.0,,24051000000.0,9756000000.0,8409000000.0,1618000000.0,2353000000.0,143095000000.0,67342000000.0,25187000000.0,,,14351000000.0,75753000000.0,,33907000000.0,,,48258000000.0,27804000000.0,13551000000.0,36329000000.0,,14825000000.0,16000000.0,1600000000.0,569000000.0,35712000000.0,35143000000.0,30674000000.0,753000000.0,3117000000.0,,3301000000.0,,,,110000000.0,,794000000.0,,794000000.0,1474000000.0,529000000.0,,908000000.0,1687000000.0,753000000.0,1547000000.0,945000000.0,846000000.0,437000000.0,,,,1538000000.0,1684000000.0,,,908000000.0,-5468000000.0,2359000000.0,98000000.0,0.0,0.0,,488000000.0,485000000.0,,0.0,,,-300000000.0,,-3178000000.0,-444000000.0
2015-06-30,185453000000.0,84554000000.0,17627000000.0,24827000000.0,14218000000.0,10604000000.0,101258000000.0,28431000000.0,,6181000000.0,6181000000.0,,23374000000.0,8403000000.0,7200000000.0,1520000000.0,2441000000.0,150142000000.0,69528000000.0,24247000000.0,,,14403000000.0,80614000000.0,,39114000000.0,,,53517000000.0,30878000000.0,13248000000.0,35146000000.0,,14512000000.0,16000000.0,1600000000.0,1125000000.0,38180000000.0,37055000000.0,32597000000.0,1288000000.0,2977000000.0,,3140000000.0,,,,108000000.0,,537000000.0,,537000000.0,1694000000.0,577000000.0,,1140000000.0,905000000.0,1288000000.0,1825000000.0,1117000000.0,966000000.0,174000000.0,,,,1702000000.0,1805000000.0,,,1140000000.0,-5855000000.0,-570000000.0,-300000000.0,1699000000.0,1699000000.0,,598000000.0,570000000.0,,0.0,,,-1699000000.0,,1851000000.0,-475000000.0
2015-09-30,188620000000.0,82341000000.0,15433000000.0,23462000000.0,14368000000.0,10486000000.0,106659000000.0,29381000000.0,,6083000000.0,6083000000.0,,23090000000.0,8872000000.0,8029000000.0,1485000000.0,2345000000.0,153865000000.0,72739000000.0,25188000000.0,,,17002000000.0,81126000000.0,,40401000000.0,,,57403000000.0,30549000000.0,13148000000.0,34638000000.0,,14912000000.0,16000000.0,1600000000.0,870000000.0,38843000000.0,37973000000.0,32058000000.0,997000000.0,4282000000.0,,4409000000.0,,,,112000000.0,0.0,621000000.0,,621000000.0,1524000000.0,165000000.0,0.0,1341000000.0,868000000.0,997000000.0,1618000000.0,1359000000.0,1173000000.0,168000000.0,,,,1878000000.0,1835000000.0,,,1341000000.0,-8856000000.0,-563000000.0,689000000.0,889000000.0,889000000.0,,592000000.0,563000000.0,,0.0,,,-889000000.0,,-2194000000.0,-236000000.0
2015-12-31,194338000000.0,69408000000.0,15238000000.0,23401000000.0,13764000000.0,8337000000.0,124930000000.0,31229000000.0,,5947000000.0,4576000000.0,1400000000.0,24291000000.0,9201000000.0,8163000000.0,3072000000.0,3021000000.0,154015000000.0,71217000000.0,24062000000.0,,,19562000000.0,82798000000.0,,43549000000.0,63111000000.0,,63111000000.0,25615000000.0,12653000000.0,39871000000.0,,20285000000.0,15000000.0,1500000000.0,39621000000.0,39621000000.0,38658000000.0,17666000000.0,2500000000.0,1512000000.0,7500000000.0,3925000000.0,,,,113000000.0,449000000.0,1312000000.0,,559000000.0,3747000000.0,-2519000000.0,1610000000.0,6273000000.0,6264000000.0,2500000000.0,2418000000.0,6266000000.0,-1089000000.0,1747000000.0,,,,1635000000.0,2550000000.0,,-1350000000.0,6226000000.0,-7531000000.0,5264000000.0,641000000.0,632000000.0,632000000.0,,564000000.0,564000000.0,,0.0,,,-632000000.0,,-195000000.0,-369000000.0
2016-03-31,203618000000.0,71034000000.0,14894000000.0,21431000000.0,15817000000.0,8988000000.0,132584000000.0,32652000000.0,,5891000000.0,5891000000.0,,19225000000.0,9640000000.0,6537000000.0,1658000000.0,3705000000.0,162293000000.0,74987000000.0,26766000000.0,,,21588000000.0,87306000000.0,,49561000000.0,,,71149000000.0,26633000000.0,12780000000.0,40932000000.0,,21508000000.0,15000000.0,1500000000.0,1597000000.0,33016000000.0,35668000000.0,30589000000.0,1972000000.0,2470000000.0,,3193000000.0,,,,127000000.0,,645000000.0,,2292000000.0,2512000000.0,559000000.0,,1931000000.0,1935000000.0,1972000000.0,4909000000.0,1953000000.0,1025000000.0,157000000.0,,,,2222000000.0,2285000000.0,,,1931000000.0,-6822000000.0,6483000000.0,738000000.0,0.0,300000000.0,,588000000.0,588000000.0,,0.0,,,-300000000.0,,-344000000.0,159000000.0
2016-06-30,210449000000.0,74630000000.0,18923000000.0,23170000000.0,15026000000.0,10461000000.0,135819000000.0,33510000000.0,,6433000000.0,6433000000.0,,20264000000.0,8198000000.0,4247000000.0,2073000000.0,3697000000.0,166446000000.0,76043000000.0,26959000000.0,,,21230000000.0,90403000000.0,,54090000000.0,21230000000.0,,75320000000.0,27854000000.0,12699000000.0,43630000000.0,,23785000000.0,16000000.0,1600000000.0,2901000000.0,37383000000.0,39471000000.0,29941000000.0,2972000000.0,2160000000.0,,2982000000.0,,,,147000000.0,,832000000.0,,2579000000.0,3743000000.0,877000000.0,,2850000000.0,3015000000.0,2972000000.0,3868000000.0,2866000000.0,6630000000.0,347000000.0,,,,2371000000.0,2325000000.0,,,2850000000.0,-5517000000.0,3544000000.0,-300000000.0,0.0,0.0,,600000000.0,600000000.0,,0.0,,,0.0,,4029000000.0,-79000000.0
2016-09-30,217576000000.0,76496000000.0,15932000000.0,24104000000.0,15427000000.0,10737000000.0,141080000000.0,34713000000.0,,6354000000.0,6354000000.0,,23933000000.0,8645000000.0,8172000000.0,2034000000.0,3688000000.0,172561000000.0,82535000000.0,28628000000.0,,,25374000000.0,90026000000.0,,53726000000.0,25374000000.0,,79100000000.0,28533000000.0,13084000000.0,44720000000.0,,25417000000.0,15000000.0,1500000000.0,2947000000.0,38889000000.0,39878000000.0,31139000000.0,3148000000.0,2400000000.0,,2794000000.0,,,,148000000.0,,619000000.0,,2686000000.0,3675000000.0,902000000.0,,2768000000.0,2725000000.0,3148000000.0,6322000000.0,2773000000.0,6570000000.0,56000000.0,,,,2529000000.0,2296000000.0,,,2712000000.0,-11660000000.0,2118000000.0,70000000.0,1201000000.0,1201000000.0,,594000000.0,594000000.0,,0.0,,,-1201000000.0,,-2991000000.0,4000000.0
2016-12-31,221690000000.0,76203000000.0,12574000000.0,24801000000.0,11040000000.0,9638000000.0,145487000000.0,32603000000.0,20666000000.0,6149000000.0,4391000000.0,1900000000.0,26265000000.0,9522000000.0,11841000000.0,3633000000.0,3849000000.0,177615000000.0,85181000000.0,23333000000.0,,,29028000000.0,92434000000.0,,55600000000.0,75123000000.0,,84628000000.0,26437000000.0,12415000000.0,43836000000.0,,26168000000.0,15000000.0,1500000000.0,43918000000.0,39896000000.0,42602000000.0,34023000000.0,475000000.0,2967000000.0,6600000000.0,131529000000.0,,,,150000000.0,,615000000.0,,2851000000.0,2174000000.0,339000000.0,,1955000000.0,458000000.0,475000000.0,4986000000.0,1835000000.0,4018000000.0,2412000000.0,,,,2670000000.0,2636000000.0,,-75000000.0,1775000000.0,-11644000000.0,4932000000.0,290000000.0,999000000.0,999000000.0,,586000000.0,586000000.0,,0.0,,,-999000000.0,,1775000000.0,-297000000.0
2017-03-31,230793000000.0,79598000000.0,12864000000.0,23124000000.0,14686000000.0,10898000000.0,151195000000.0,37202000000.0,,6193000000.0,6193000000.0,,24091000000.0,9944000000.0,10260000000.0,4704000000.0,4279000000.0,184579000000.0,90904000000.0,28725000000.0,,,33701000000.0,93675000000.0,,57200000000.0,33701000000.0,,90901000000.0,28478000000.0,13068000000.0,45972000000.0,,28195000000.0,15000000.0,1500000000.0,2641000000.0,37266000000.0,38559000000.0,29761000000.0,2583000000.0,2356000000.0,,2788000000.0,,,,144000000.0,,716000000.0,,2883000000.0,3395000000.0,787000000.0,,2677000000.0,2688000000.0,2583000000.0,6344000000.0,2608000000.0,2041000000.0,34000000.0,,,,2722000000.0,2005000000.0,,,2617000000.0,-6805000000.0,5047000000.0,-264000000.0,0.0,0.0,,573000000.0,573000000.0,,0.0,,,0.0,,1318000000.0,
2017-06-30,240300000000.0,85081000000.0,16598000000.0,25731000000.0,11289000000.0,9796000000.0,155219000000.0,34301000000.0,,5989000000.0,5989000000.0,,22610000000.0,8248000000.0,9133000000.0,4324000000.0,3994000000.0,194575000000.0,94306000000.0,23404000000.0,,,30008000000.0,100269000000.0,,59081000000.0,89089000000.0,,89089000000.0,14293000000.0,12438000000.0,45521000000.0,,28547000000.0,15000000.0,1500000000.0,2135000000.0,36984000000.0,34849000000.0,29535000000.0,2297000000.0,2477000000.0,,2962000000.0,,,,181000000.0,,481000000.0,,3054000000.0,2194000000.0,534000000.0,,2430000000.0,1541000000.0,2297000000.0,3148000000.0,1660000000.0,5518000000.0,53000000.0,,,,2961000000.0,2181000000.0,,,1663000000.0,-7118000000.0,5493000000.0,-149000000.0,1496000000.0,1496000000.0,,572000000.0,572000000.0,,0.0,,,0.0,,4571000000.0,
2017-09-30,229502000000.0,76618000000.0,12792000000.0,21246000000.0,11789000000.0,10013000000.0,152884000000.0,35178000000.0,,5854000000.0,5854000000.0,,20375000000.0,8820000000.0,8454000000.0,4909000000.0,5005000000.0,186025000000.0,81849000000.0,23265000000.0,,,25607000000.0,104176000000.0,,67066000000.0,92673000000.0,,92673000000.0,6374000000.0,12743000000.0,42243000000.0,,24230000000.0,14000000.0,1400000000.0,1856000000.0,33623000000.0,31767000000.0,26511000000.0,1576000000.0,2308000000.0,,32047000000.0,,,,151000000.0,,665000000.0,,3147000000.0,-665000000.0,2316000000.0,,115000000.0,-1395000000.0,1576000000.0,5728000000.0,-2981000000.0,2881000000.0,75000000.0,,,,3130000000.0,2167000000.0,,,-2982000000.0,-8838000000.0,2139000000.0,39000000.0,1498000000.0,1498000000.0,,556000000.0,556000000.0,,0.0,,985000000.0,-513000000.0,,73000000.0,
2017-12-31,212482000000.0,68744000000.0,15512000000.0,23825000000.0,10663000000.0,8164000000.0,143738000000.0,36253000000.0,24081000000.0,5849000000.0,3949000000.0,1900000000.0,22487000000.0,9073000000.0,8313000000.0,4465000000.0,,176282000000.0,76890000000.0,23929000000.0,,,26965000000.0,99392000000.0,,67254000000.0,94219000000.0,,94219000000.0,22596000000.0,32138000000.0,35001000000.0,,17627000000.0,14000000.0,1400000000.0,37715000000.0,37715000000.0,35435000000.0,31068000000.0,2205000000.0,2429000000.0,7300000000.0,35510000000.0,,,,145000000.0,,560000000.0,,3177000000.0,2745000000.0,7896000000.0,,-4874000000.0,-5379000000.0,2205000000.0,6315000000.0,-5151000000.0,6888000000.0,3764000000.0,,,,3154000000.0,2100000000.0,,440000000.0,-5180000000.0,-4811000000.0,-95000000.0,234000000.0,1498000000.0,1498000000.0,,532000000.0,532000000.0,,0.0,,0.0,-1498000000.0,,-5180000000.0,
2018-03-31,218726000000.0,71435000000.0,14256000000.0,21366000000.0,11461000000.0,10769000000.0,147291000000.0,37321000000.0,,5790000000.0,5790000000.0,,19062000000.0,9883000000.0,7110000000.0,5893000000.0,5169000000.0,183268000000.0,82716000000.0,26039000000.0,,,29347000000.0,100552000000.0,,11867000000.0,99728000000.0,,98818000000.0,27330000000.0,11945000000.0,34298000000.0,,17028000000.0,14000000.0,1400000000.0,-410000000.0,36099000000.0,36509000000.0,30184000000.0,529000000.0,2372000000.0,,35570000000.0,,864000000.0,,150000000.0,,1197000000.0,,3581000000.0,1512000000.0,466000000.0,,1116000000.0,1074000000.0,529000000.0,5307000000.0,1046000000.0,448000000.0,437000000.0,,,,3097000000.0,2272000000.0,,399000000.0,1040000000.0,-4562000000.0,3769000000.0,120000000.0,0.0,100000000.0,,566000000.0,566000000.0,,0.0,,0.0,-100000000.0,,-345000000.0,
2018-06-30,218641000000.0,70451000000.0,15087000000.0,22011000000.0,10833000000.0,9663000000.0,148190000000.0,38003000000.0,,5720000000.0,4362000000.0,1358000000.0,18212000000.0,8788000000.0,6924000000.0,5249000000.0,5344000000.0,180005000000.0,80292000000.0,24660000000.0,,,28264000000.0,99713000000.0,,12035000000.0,99282000000.0,,98259000000.0,27368000000.0,11876000000.0,36181000000.0,,18873000000.0,14000000.0,1400000000.0,1310000000.0,36760000000.0,35450000000.0,30071000000.0,1477000000.0,2216000000.0,,35283000000.0,,883000000.0,,159000000.0,,1567000000.0,,3129000000.0,2909000000.0,519000000.0,,2390000000.0,2300000000.0,1477000000.0,6173000000.0,2390000000.0,5105000000.0,458000000.0,,,,3099000000.0,2079000000.0,,399000000.0,2366000000.0,-5478000000.0,886000000.0,524000000.0,0.0,0.0,,538000000.0,538000000.0,,0.0,,0.0,1261000000.0,,5007000000.0,
2018-09-30,225711000000.0,74848000000.0,18435000000.0,24351000000.0,11334000000.0,10376000000.0,150863000000.0,38655000000.0,,5651000000.0,4294000000.0,1357000000.0,26224000000.0,9155000000.0,5916000000.0,4881000000.0,5946000000.0,184803000000.0,84116000000.0,25147000000.0,,,30865000000.0,100687000000.0,,14228000000.0,,,102340000000.0,28104000000.0,12261000000.0,38061000000.0,,20865000000.0,14000000.0,1400000000.0,35775000000.0,35791000000.0,16000000.0,31597000000.0,1610000000.0,2584000000.0,,34181000000.0,,,,161000000.0,,1181000000.0,,3313000000.0,2634000000.0,100000000.0,,2534000000.0,2384000000.0,1610000000.0,6104000000.0,2534000000.0,3673000000.0,72000000.0,,,,3305000000.0,2211000000.0,,399000000.0,2530000000.0,-4535000000.0,3957000000.0,1051000000.0,0.0,0.0,,586000000.0,586000000.0,,0.0,,492000000.0,492000000.0,,7463000000.0,
2018-12-31,227339000000.0,75293000000.0,20844000000.0,26810000000.0,9816000000.0,6549000000.0,152046000000.0,38758000000.0,26725000000.0,5579000000.0,3679000000.0,1900000000.0,30875000000.0,9215000000.0,5966000000.0,5268000000.0,5770000000.0,184562000000.0,82237000000.0,22297000000.0,6463000000.0,,31891000000.0,102325000000.0,,12637000000.0,,,104951000000.0,24545000000.0,12357000000.0,38860000000.0,,22322000000.0,14000000.0,1400000000.0,38399000000.0,38399000000.0,131595000000.0,35092000000.0,829000000.0,2478000000.0,7800000000.0,37570000000.0,,,,185000000.0,,814000000.0,,3646000000.0,1433000000.0,-611000000.0,,2044000000.0,1326000000.0,829000000.0,5289000000.0,2044000000.0,6030000000.0,3949000000.0,,,,3641000000.0,2199000000.0,,399000000.0,2069000000.0,-6188000000.0,2842000000.0,-509000000.0,90000000.0,90000000.0,,552000000.0,552000000.0,,0.0,,1109000000.0,1019000000.0,,2069000000.0,
2019-03-31,233132000000.0,80090000000.0,17176000000.0,23197000000.0,11108000000.0,12116000000.0,153042000000.0,38336000000.0,,5518000000.0,4161000000.0,1357000000.0,26316000000.0,8266000000.0,6021000000.0,6439000000.0,8119000000.0,188494000000.0,85303000000.0,24560000000.0,,,33272000000.0,103191000000.0,,73812000000.0,33272000000.0,,107084000000.0,27471000000.0,12917000000.0,40765000000.0,,23939000000.0,14000000.0,1400000000.0,34825000000.0,34878000000.0,53000000.0,31535000000.0,1244000000.0,2099000000.0,,33634000000.0,,985000000.0,805000000.0,181000000.0,31261000000.0,1219000000.0,,4116000000.0,2294000000.0,137000000.0,,2157000000.0,2347000000.0,1244000000.0,6579000000.0,2157000000.0,-81000000.0,694000000.0,,,,4109000000.0,2014000000.0,,-761000000.0,2145000000.0,-3711000000.0,1077000000.0,959000000.0,0.0,0.0,,626000000.0,626000000.0,,0.0,,0.0,0.0,,-2715000000.0,
2019-06-30,233737000000.0,81306000000.0,17072000000.0,24121000000.0,11447000000.0,10362000000.0,152431000000.0,38188000000.0,,5457000000.0,4099000000.0,1358000000.0,27415000000.0,8340000000.0,7049000000.0,7451000000.0,7257000000.0,186648000000.0,84294000000.0,22717000000.0,,,33149000000.0,102354000000.0,,73412000000.0,33149000000.0,,106561000000.0,28428000000.0,12794000000.0,42816000000.0,,25807000000.0,14000000.0,1400000000.0,35807000000.0,36060000000.0,253000000.0,31471000000.0,2487000000.0,2102000000.0,,33573000000.0,,1006000000.0,364000000.0,195000000.0,32425000000.0,635000000.0,,3407000000.0,2942000000.0,524000000.0,,2418000000.0,2497000000.0,2487000000.0,6529000000.0,2418000000.0,5076000000.0,262000000.0,,,,3396000000.0,1462000000.0,,-761000000.0,2403000000.0,-4429000000.0,-1289000000.0,-23000000.0,0.0,0.0,,558000000.0,558000000.0,,0.0,,0.0,0.0,,6023000000.0,
2019-09-30,231529000000.0,80565000000.0,20051000000.0,26776000000.0,11797000000.0,6924000000.0,150964000000.0,37969000000.0,,5408000000.0,4055000000.0,1353000000.0,23618000000.0,8496000000.0,6725000000.0,7051000000.0,7038000000.0,182758000000.0,84252000000.0,21406000000.0,,,34774000000.0,98506000000.0,,69692000000.0,34774000000.0,,104466000000.0,28072000000.0,13290000000.0,44554000000.0,,27609000000.0,14000000.0,1400000000.0,35261000000.0,35473000000.0,212000000.0,31161000000.0,2304000000.0,2008000000.0,,33169000000.0,,1041000000.0,169000000.0,206000000.0,31817000000.0,484000000.0,,3309000000.0,2622000000.0,271000000.0,,2351000000.0,2124000000.0,2304000000.0,6097000000.0,2351000000.0,6553000000.0,246000000.0,,,,3308000000.0,1376000000.0,,-761000000.0,2311000000.0,-1551000000.0,-2133000000.0,-180000000.0,0.0,0.0,,608000000.0,608000000.0,,0.0,,49000000.0,49000000.0,,5908000000.0,
2019-12-31,228037000000.0,74992000000.0,19069000000.0,23243000000.0,10398000000.0,6797000000.0,153045000000.0,38750000000.0,28699000000.0,5337000000.0,3437000000.0,1900000000.0,21525000000.0,8562000000.0,4174000000.0,7953000000.0,7346000000.0,182080000000.0,84905000000.0,21018000000.0,6196000000.0,,37400000000.0,97175000000.0,1010000000.0,65924000000.0,37400000000.0,,104334000000.0,23253000000.0,13146000000.0,41792000000.0,,26860000000.0,14000000.0,1400000000.0,30826000000.0,30826000000.0,119385000000.0,29098000000.0,-554000000.0,2282000000.0,6800000000.0,-90996000000.0,,-3391000000.0,909000000.0,200000000.0,27194000000.0,399000000.0,,74000000.0,-357000000.0,-163000000.0,,-194000000.0,-2353000000.0,-554000000.0,-480000000.0,-194000000.0,3473000000.0,5020000000.0,,,,3247000000.0,2740000000.0,,-761000000.0,-192000000.0,-1208000000.0,-2332000000.0,-1068000000.0,0.0,0.0,,558000000.0,558000000.0,,0.0,,-6000000.0,-6000000.0,,-192000000.0,
2020-03-31,246624000000.0,97699000000.0,38506000000.0,46126000000.0,10799000000.0,7536000000.0,148925000000.0,37969000000.0,,5225000000.0,3425000000.0,1800000000.0,28820000000.0,7521000000.0,7620000000.0,6918000000.0,6525000000.0,202307000000.0,91292000000.0,20031000000.0,,,45061000000.0,111015000000.0,,81439000000.0,45061000000.0,,126500000000.0,26200000000.0,12305000000.0,40113000000.0,,25885000000.0,14000000.0,1400000000.0,32380000000.0,32709000000.0,329000000.0,30082000000.0,657000000.0,1970000000.0,,32052000000.0,,1005000000.0,311000000.0,193000000.0,29150000000.0,179000000.0,,3308000000.0,651000000.0,357000000.0,,286000000.0,-350000000.0,657000000.0,4144000000.0,294000000.0,1561000000.0,388000000.0,,,,3198000000.0,1224000000.0,,-104000000.0,286000000.0,-6570000000.0,23680000000.0,13000000.0,0.0,0.0,,590000000.0,590000000.0,,0.0,,0.0,0.0,,18671000000.0,
2020-06-30,237535000000.0,87497000000.0,28228000000.0,37482000000.0,10280000000.0,7946000000.0,150038000000.0,37066000000.0,,5282000000.0,3382000000.0,1900000000.0,25784000000.0,7724000000.0,9254000000.0,8938000000.0,6712000000.0,194042000000.0,77904000000.0,15154000000.0,8102000000.0,,40023000000.0,116138000000.0,960000000.0,87150000000.0,40023000000.0,,128133000000.0,19621000000.0,11903000000.0,39304000000.0,,25104000000.0,14000000.0,1400000000.0,16736000000.0,16778000000.0,42000000.0,16682000000.0,-1214000000.0,1310000000.0,,17992000000.0,,966000000.0,413000000.0,303000000.0,13363000000.0,625000000.0,,3265000000.0,-870000000.0,-112000000.0,,-780000000.0,-859000000.0,-1214000000.0,2676000000.0,-758000000.0,-2815000000.0,163000000.0,,,,3258000000.0,1112000000.0,,-104000000.0,-780000000.0,-5766000000.0,36000000.0,833000000.0,0.0,0.0,,2000000.0,2000000.0,,0.0,,0.0,0.0,,3394000000.0,
2020-09-30,239671000000.0,89177000000.0,26939000000.0,36901000000.0,10934000000.0,9939000000.0,150494000000.0,36989000000.0,,5245000000.0,3345000000.0,1900000000.0,30194000000.0,8046000000.0,9962000000.0,6841000000.0,6695000000.0,191663000000.0,80603000000.0,20914000000.0,7989000000.0,,35773000000.0,111060000000.0,951000000.0,81793000000.0,35773000000.0,,118517000000.0,20862000000.0,12424000000.0,43341000000.0,,29134000000.0,14000000.0,1400000000.0,35396000000.0,35480000000.0,84000000.0,29428000000.0,4424000000.0,1628000000.0,,31056000000.0,,999000000.0,159000000.0,327000000.0,32067000000.0,808000000.0,,3162000000.0,4932000000.0,887000000.0,,4018000000.0,3991000000.0,4424000000.0,8394000000.0,4045000000.0,11231000000.0,185000000.0,,,,3158000000.0,992000000.0,,-104000000.0,4018000000.0,-4483000000.0,-9557000000.0,-266000000.0,0.0,0.0,,61000000.0,61000000.0,,0.0,,492000000.0,0.0,,7467000000.0,
2020-12-31,235194000000.0,80924000000.0,19992000000.0,29038000000.0,10235000000.0,8035000000.0,154270000000.0,37632000000.0,27823000000.0,5230000000.0,3330000000.0,1900000000.0,23717000000.0,8406000000.0,9046000000.0,7407000000.0,7264000000.0,185517000000.0,79910000000.0,19928000000.0,8247000000.0,,36913000000.0,105607000000.0,969000000.0,72981000000.0,36913000000.0,,110863000000.0,19937000000.0,13447000000.0,45030000000.0,,31962000000.0,14000000.0,1400000000.0,-67452000000.0,37518000000.0,104970000000.0,32621000000.0,2767000000.0,1970000000.0,6200000000.0,34751000000.0,,-3096000000.0,672000000.0,275000000.0,34093000000.0,947000000.0,,3080000000.0,3488000000.0,642000000.0,,2903000000.0,1313000000.0,2767000000.0,6794000000.0,2846000000.0,6693000000.0,4980000000.0,,,,3062000000.0,1972000000.0,,-104000000.0,2797000000.0,-5007000000.0,-8607000000.0,-303000000.0,0.0,0.0,,16000000.0,16000000.0,,0.0,,0.0,0.0,,-6921000000.0,
2021-03-31,238411000000.0,82091000000.0,21609000000.0,29380000000.0,12066000000.0,9126000000.0,156320000000.0,37797000000.0,,5185000000.0,3846000000.0,1339000000.0,25336000000.0,8979000000.0,7771000000.0,6936000000.0,7237000000.0,183968000000.0,76323000000.0,20446000000.0,8199000000.0,,35068000000.0,107645000000.0,945000000.0,76179000000.0,35068000000.0,,112192000000.0,17705000000.0,13166000000.0,48343000000.0,,34988000000.0,14000000.0,1400000000.0,32471000000.0,32474000000.0,3000000.0,27394000000.0,3277000000.0,64000000.0,,29197000000.0,,1016000000.0,799000000.0,250000000.0,29067000000.0,1164000000.0,,3015000000.0,4222000000.0,1200000000.0,,3014000000.0,3184000000.0,3277000000.0,7456000000.0,3022000000.0,1266000000.0,301000000.0,,,,3015000000.0,878000000.0,,-3155000000.0,3014000000.0,-2984000000.0,3617000000.0,1543000000.0,0.0,0.0,,76000000.0,76000000.0,,0.0,,1537000000.0,1537000000.0,,1899000000.0,
2021-06-30,241803000000.0,82609000000.0,22920000000.0,29131000000.0,13102000000.0,8167000000.0,159194000000.0,38822000000.0,,5169000000.0,3824000000.0,1345000000.0,26478000000.0,8882000000.0,6211000000.0,7765000000.0,7810000000.0,183927000000.0,74811000000.0,21431000000.0,8316000000.0,,34190000000.0,109116000000.0,979000000.0,76698000000.0,34190000000.0,,111867000000.0,16530000000.0,14652000000.0,51669000000.0,,37806000000.0,15000000.0,1500000000.0,34108000000.0,34167000000.0,59000000.0,29160000000.0,2882000000.0,139000000.0,,31285000000.0,,1036000000.0,383000000.0,243000000.0,30744000000.0,1111000000.0,,3018000000.0,3807000000.0,971000000.0,,2779000000.0,3166000000.0,2882000000.0,7011000000.0,2836000000.0,7162000000.0,29000000.0,,,,3014000000.0,1573000000.0,,-3155000000.0,2779000000.0,-4026000000.0,-780000000.0,822000000.0,0.0,0.0,,18000000.0,18000000.0,,0.0,,199000000.0,199000000.0,,7014000000.0,
2021-09-30,238557000000.0,77791000000.0,17365000000.0,23940000000.0,14534000000.0,8091000000.0,160766000000.0,39637000000.0,,5126000000.0,3786000000.0,1340000000.0,20733000000.0,9234000000.0,6575000000.0,6133000000.0,10222000000.0,178236000000.0,71951000000.0,18648000000.0,8113000000.0,,34819000000.0,106285000000.0,975000000.0,74134000000.0,34819000000.0,,109928000000.0,15953000000.0,15218000000.0,54150000000.0,,40212000000.0,15000000.0,1500000000.0,26622000000.0,26779000000.0,157000000.0,22986000000.0,1645000000.0,82000000.0,,25134000000.0,,1035000000.0,800000000.0,230000000.0,23426000000.0,1123000000.0,1600000000.0,3081000000.0,2572000000.0,152000000.0,,2386000000.0,2413000000.0,1645000000.0,5849000000.0,2420000000.0,-49000000.0,62000000.0,,,,3081000000.0,1859000000.0,,-3155000000.0,2386000000.0,-3929000000.0,-1625000000.0,838000000.0,0.0,0.0,,76000000.0,76000000.0,,0.0,,0.0,0.0,,5706000000.0,
2021-12-31,244718000000.0,82103000000.0,20067000000.0,28676000000.0,12988000000.0,7394000000.0,162615000000.0,41115000000.0,31286000000.0,5087000000.0,3187000000.0,1900000000.0,25810000000.0,9677000000.0,8609000000.0,6396000000.0,11488000000.0,178903000000.0,74408000000.0,20391000000.0,7971000000.0,,33720000000.0,104495000000.0,1012000000.0,75659000000.0,33720000000.0,,109379000000.0,17836000000.0,15085000000.0,59744000000.0,,41937000000.0,15000000.0,1500000000.0,-75656000000.0,33584000000.0,109240000000.0,29586000000.0,1520000000.0,8268000000.0,7900000000.0,32064000000.0,,1016000000.0,658000000.0,227000000.0,30353000000.0,944000000.0,,2937000000.0,2212000000.0,471000000.0,,1840000000.0,5475000000.0,1520000000.0,5401000000.0,1741000000.0,6809000000.0,4320000000.0,,,,2937000000.0,3199000000.0,,-3155000000.0,1766000000.0,-5416000000.0,532000000.0,-291000000.0,0.0,0.0,,16000000.0,16000000.0,,0.0,,0.0,0.0,,1925000000.0,
2022-03-31,251492000000.0,88594000000.0,16349000000.0,26256000000.0,14838000000.0,11946000000.0,162898000000.0,41708000000.0,,5058000000.0,3712000000.0,1346000000.0,25914000000.0,10402000000.0,9907000000.0,7113000000.0,11454000000.0,184429000000.0,79555000000.0,25240000000.0,2800000000.0,,33037000000.0,104873000000.0,,76768000000.0,33037000000.0,,109805000000.0,18478000000.0,14601000000.0,62095000000.0,,43879000000.0,15000000.0,1500000000.0,35902000000.0,35979000000.0,77000000.0,31279000000.0,2196000000.0,77000000.0,,33783000000.0,,1010000000.0,517000000.0,226000000.0,32824000000.0,809000000.0,1200000000.0,2891000000.0,2911000000.0,-28000000.0,,2807000000.0,3394000000.0,2196000000.0,5896000000.0,2939000000.0,2104000000.0,213000000.0,,,,2891000000.0,1661000000.0,,,2807000000.0,-3909000000.0,-1852000000.0,722000000.0,0.0,2124000000.0,2124000000.0,73000000.0,73000000.0,,0.0,,0.0,-2124000000.0,,-3657000000.0,
2022-06-30,253517000000.0,91094000000.0,16710000000.0,26834000000.0,16859000000.0,12417000000.0,162423000000.0,41943000000.0,,5013000000.0,3672000000.0,1341000000.0,23667000000.0,9733000000.0,10124000000.0,6504000000.0,11161000000.0,185142000000.0,79398000000.0,25890000000.0,2900000000.0,,32306000000.0,105744000000.0,,78081000000.0,32306000000.0,,110387000000.0,164000000.0,14677000000.0,63954000000.0,,45554000000.0,15000000.0,1500000000.0,35654000000.0,35759000000.0,105000000.0,31350000000.0,2116000000.0,94000000.0,,33643000000.0,,1062000000.0,295000000.0,234000000.0,32614000000.0,250000000.0,1200000000.0,3106000000.0,2182000000.0,490000000.0,,1642000000.0,1629000000.0,2116000000.0,5222000000.0,1692000000.0,3124000000.0,18000000.0,,,,2844000000.0,2168000000.0,,,1642000000.0,-4318000000.0,1090000000.0,293000000.0,0.0,3000000.0,3000000.0,8000000.0,8000000.0,,0.0,,0.0,-3000000.0,,-104000000.0,
2022-09-30,260529000000.0,98271000000.0,20745000000.0,30311000000.0,16367000000.0,14021000000.0,162259000000.0,42795000000.0,,4968000000.0,3629000000.0,1339000000.0,24772000000.0,9910000000.0,9566000000.0,6524000000.0,10684000000.0,190762000000.0,86003000000.0,26886000000.0,3100000000.0,,35084000000.0,104759000000.0,,77523000000.0,35084000000.0,,112607000000.0,3461000000.0,14795000000.0,65268000000.0,,47910000000.0,14000000.0,1400000000.0,41794000000.0,41889000000.0,95000000.0,36020000000.0,3392000000.0,95000000.0,,38497000000.0,,1157000000.0,598000000.0,259000000.0,38703000000.0,965000000.0,1200000000.0,3737000000.0,4150000000.0,845000000.0,,3252000000.0,2868000000.0,3392000000.0,7129000000.0,3305000000.0,5191000000.0,22000000.0,,,,2774000000.0,2104000000.0,,-2581000000.0,3252000000.0,-2744000000.0,1461000000.0,193000000.0,1500000000.0,1494000000.0,-6000000.0,189000000.0,189000000.0,,0.0,,0.0,-1494000000.0,,3908000000.0,
2022-12-31,264037000000.0,100451000000.0,19153000000.0,31303000000.0,15366000000.0,13333000000.0,163586000000.0,45248000000.0,33047000000.0,4945000000.0,3045000000.0,1900000000.0,27315000000.0,10176000000.0,12150000000.0,6825000000.0,9386000000.0,191752000000.0,91173000000.0,27486000000.0,9341000000.0,,38778000000.0,100579000000.0,967000000.0,75921000000.0,38778000000.0,,115666000000.0,22420000000.0,14767000000.0,67792000000.0,,49251000000.0,14000000.0,1400000000.0,42294000000.0,43108000000.0,814000000.0,37105000000.0,2611000000.0,152000000.0,9800000000.0,40499000000.0,,1290000000.0,24000000.0,268000000.0,39834000000.0,,,3015000000.0,2579000000.0,580000000.0,,2233000000.0,3412000000.0,2611000000.0,5626000000.0,1999000000.0,5624000000.0,4716000000.0,,,,2767000000.0,3305000000.0,,-2581000000.0,2007000000.0,-6911000000.0,-316000000.0,-835000000.0,1000000000.0,1000000000.0,0.0,127000000.0,127000000.0,,0.0,,0.0,-1000000000.0,,,
2023-03-31,267004000000.0,98832000000.0,18227000000.0,28208000000.0,17758000000.0,13702000000.0,168173000000.0,46895000000.0,,4968000000.0,3618000000.0,1350000000.0,22521000000.0,10542000000.0,9981000000.0,6881000000.0,9661000000.0,192773000000.0,90185000000.0,28931000000.0,4000000000.0,,37010000000.0,102588000000.0,,77411000000.0,37010000000.0,,114421000000.0,24244000000.0,15318000000.0,69877000000.0,,51318000000.0,14000000.0,1400000000.0,39005000000.0,39985000000.0,980000000.0,34859000000.0,2578000000.0,5159000000.0,,37407000000.0,,1366000000.0,409000000.0,234000000.0,36646000000.0,409000000.0,1200000000.0,3243000000.0,2823000000.0,428000000.0,,2347000000.0,2518000000.0,2578000000.0,5821000000.0,2395000000.0,3086000000.0,287000000.0,,,,2810000000.0,2431000000.0,,,2346000000.0,-2262000000.0,-1685000000.0,-167000000.0,369000000.0,369000000.0,0.0,185000000.0,185000000.0,,0.0,,0.0,-369000000.0,,-861000000.0,
2023-06-30,275833000000.0,106804000000.0,23074000000.0,32630000000.0,17912000000.0,14068000000.0,169029000000.0,47941000000.0,,4950000000.0,3596000000.0,1354000000.0,24102000000.0,10064000000.0,9556000000.0,7755000000.0,9672000000.0,199861000000.0,92718000000.0,29800000000.0,4500000000.0,,36668000000.0,107142000000.0,,81375000000.0,36668000000.0,,118043000000.0,1000000.0,15938000000.0,71655000000.0,,53517000000.0,14000000.0,1400000000.0,44491000000.0,44746000000.0,255000000.0,39400000000.0,2789000000.0,5326000000.0,,41958000000.0,,1486000000.0,358000000.0,226000000.0,41254000000.0,358000000.0,1200000000.0,3400000000.0,3088000000.0,522000000.0,,2507000000.0,2393000000.0,2789000000.0,6189000000.0,2566000000.0,7591000000.0,554000000.0,,,,2936000000.0,2252000000.0,,,2507000000.0,-4562000000.0,2528000000.0,237000000.0,500000000.0,500000000.0,0.0,126000000.0,126000000.0,,0.0,,0.0,-500000000.0,,5557000000.0,
2023-09-30,281705000000.0,110721000000.0,25224000000.0,34875000000.0,17740000000.0,13923000000.0,170984000000.0,49399000000.0,,4907000000.0,3555000000.0,1352000000.0,30456000000.0,10549000000.0,9651000000.0,7959000000.0,9793000000.0,202978000000.0,96820000000.0,30387000000.0,4800000000.0,,38652000000.0,106158000000.0,,80221000000.0,38652000000.0,,118873000000.0,-1000000.0,16320000000.0,74475000000.0,,56322000000.0,14000000.0,1400000000.0,43970000000.0,44131000000.0,161000000.0,35842000000.0,3013000000.0,2344000000.0,,41118000000.0,,1616000000.0,453000000.0,2933000000.0,40498000000.0,,1200000000.0,2992000000.0,3534000000.0,470000000.0,,2994000000.0,3099000000.0,3013000000.0,3013000000.0,3064000000.0,6596000000.0,661000000.0,,,,2992000000.0,2581000000.0,,,2994000000.0,-5276000000.0,983000000.0,-118000000.0,250000000.0,250000000.0,0.0,182000000.0,182000000.0,,0.0,,0.0,-250000000.0,,,
2023-12-31,273064000000.0,101618000000.0,18853000000.0,26466000000.0,16461000000.0,12378000000.0,171446000000.0,50321000000.0,,4862000000.0,2962000000.0,1900000000.0,19838000000.0,10613000000.0,7613000000.0,7238000000.0,7686000000.0,204757000000.0,94445000000.0,28114000000.0,12821000000.0,,39496000000.0,110312000000.0,907000000.0,82773000000.0,38968000000.0,,122648000000.0,24033000000.0,16515000000.0,64286000000.0,,55391000000.0,12000000.0,1200000000.0,41881000000.0,42979000000.0,1098000000.0,39670000000.0,918000000.0,1209000000.0,9900000000.0,42061000000.0,,1718000000.0,110000000.0,222000000.0,39260000000.0,,,2999000000.0,1243000000.0,-858000000.0,,1994000000.0,-228000000.0,918000000.0,4357000000.0,2101000000.0,3657000000.0,6975000000.0,,,,2999000000.0,3706000000.0,,-757000000.0,1994000000.0,-2563000000.0,-8179000000.0,-108000000.0,9996000000.0,9996000000.0,0.0,104000000.0,104000000.0,,,,,-9996000000.0,,,
2024-03-31,276591000000.0,106470000000.0,17635000000.0,25480000000.0,17533000000.0,13774000000.0,170121000000.0,51423000000.0,,4823000000.0,4823000000.0,,22518000000.0,10740000000.0,7845000000.0,8001000000.0,7815000000.0,205990000000.0,91777000000.0,29393000000.0,5400000000.0,,35976000000.0,114213000000.0,,86261000000.0,35976000000.0,,122237000000.0,26408000000.0,17275000000.0,66598000000.0,,57688000000.0,11000000.0,1100000000.0,42900000000.0,43014000000.0,114000000.0,37102000000.0,3738000000.0,2175000000.0,,39277000000.0,,1778000000.0,302000000.0,219000000.0,39212000000.0,,1200000000.0,2798000000.0,3742000000.0,762000000.0,,2953000000.0,2768000000.0,3738000000.0,6732000000.0,2980000000.0,3152000000.0,567000000.0,,,,2798000000.0,2783000000.0,,,2953000000.0,-3914000000.0,300000000.0,-249000000.0,280000000.0,280000000.0,0.0,198000000.0,198000000.0,,,,,-280000000.0,,,
2024-06-30,282956000000.0,112064000000.0,22516000000.0,30829000000.0,17605000000.0,13406000000.0,170891000000.0,51145000000.0,,4778000000.0,3432000000.0,1346000000.0,22746000000.0,10734000000.0,8313000000.0,7442000000.0,8054000000.0,211055000000.0,95363000000.0,28762000000.0,5800000000.0,,38098000000.0,115692000000.0,,88338000000.0,38098000000.0,,126436000000.0,28503000000.0,16933000000.0,68633000000.0,,59807000000.0,11000000.0,1100000000.0,47065000000.0,47969000000.0,904000000.0,41724000000.0,3873000000.0,2372000000.0,,44096000000.0,,1868000000.0,60000000.0,206000000.0,44060000000.0,,1200000000.0,3486000000.0,3700000000.0,767000000.0,,2876000000.0,2605000000.0,3873000000.0,7335000000.0,2933000000.0,5976000000.0,247000000.0,,,,2880000000.0,2569000000.0,,,2877000000.0,-5073000000.0,3493000000.0,543000000.0,1066000000.0,1066000000.0,0.0,136000000.0,136000000.0,,,,,-1066000000.0,,,
2024-09-30,289289000000.0,115419000000.0,23744000000.0,32221000000.0,17325000000.0,13782000000.0,173870000000.0,51505000000.0,,4745000000.0,4745000000.0,,26633000000.0,11039000000.0,8477000000.0,7636000000.0,8690000000.0,215127000000.0,95463000000.0,29629000000.0,6100000000.0,,36162000000.0,119664000000.0,,91689000000.0,36162000000.0,,127851000000.0,29672000000.0,17742000000.0,70935000000.0,,62050000000.0,11000000.0,1100000000.0,48388000000.0,48757000000.0,369000000.0,42360000000.0,3651000000.0,2745000000.0,,45105000000.0,,1956000000.0,394000000.0,206000000.0,44735000000.0,,1200000000.0,2872000000.0,3765000000.0,709000000.0,,3008000000.0,3376000000.0,3651000000.0,6795000000.0,3056000000.0,6861000000.0,363000000.0,,,,2873000000.0,2245000000.0,,,3008000000.0,-5017000000.0,-830000000.0,-209000000.0,1032000000.0,1032000000.0,0.0,192000000.0,192000000.0,,,,,-1032000000.0,,,
