fiscal_date_ending,total_assets,total_current_assets,cash_and_cash_equivalents,cash_and_short_term_investments,inventory,current_net_receivables,total_non_current_assets,property_plant_equipment,accumulated_depreciation_amortization_ppe,intangible_assets,intangible_assets_excluding_goodwill,goodwill,investments,long_term_investments,short_term_investments,other_current_assets,other_non_current_assets,total_liabilities,total_current_liabilities,current_accounts_payable,deferred_revenue,current_debt,short_term_debt,total_non_current_liabilities,capital_lease_obligations,long_term_debt,current_long_term_debt,long_term_debt_non_current,short_long_term_debt_total,other_current_liabilities,other_non_current_liabilities,total_shareholder_equity,treasury_stock,retained_earnings,common_stock,common_stock_shares_outstanding,gross_profit,total_revenue,cost_of_revenue,cost_of_goods_and_services_sold,operating_income,selling_general_and_administrative,research_and_development,operating_expenses,investment_income_net,net_interest_income,interest_income,interest_expense,non_interest_income,other_non_operating_income,depreciation,depreciation_and_amortization,income_before_tax,income_tax_expense,interest_and_debt_expense,net_income_from_continuing_operations,comprehensive_income_net_of_tax,ebit,ebitda,net_income,operating_cashflow,payments_for_operating_activities,proceeds_from_operating_activities,change_in_operating_liabilities,change_in_operating_assets,depreciation_depletion_and_amortization,capital_expenditures,change_in_receivables,change_in_inventory,profit_loss,cashflow_from_investment,cashflow_from_financing,proceeds_from_repayments_of_short_term_debt,payments_for_repurchase_of_common_stock,payments_for_repurchase_of_equity,payments_for_repurchase_of_preferred_stock,dividend_payout,dividend_payout_common_stock,dividend_payout_preferred_stock,proceeds_from_issuance_of_common_stock,proceeds_from_issuance_of_long_term_debt_and_capital_securities_net,proceeds_from_issuance_of_preferred_stock,proceeds_from_repurchase_of_equity,proceeds_from_sale_of_treasury_stock,change_in_cash_and_cash_equivalents,change_in_exchange_rate
2015-09-30,144281000000.0,88103000000.0,18068000000.0,72767000000.0,2212000000.0,10036000000.0,56178000000.0,28338000000.0,10570000000.0,19698000000.0,4023000000.0,15675000000.0,58877000000.0,4813000000.0,54699000000.0,2688000000.0,,28040000000.0,18457000000.0,1549000000.0,838000000.0,3237000000.0,2000000000.0,9583000000.0,,1994000000.0,,1994000000.0,-6000000.0,12966000000.0,1884000000.0,116241000000.0,,85969000000.0,31864000000.0,686902000.0,11638000000.0,18675000000.0,7037000000.0,7037000000.0,4708000000.0,3700000000.0,3230000000.0,6930000000.0,,-26000000.0,,26000000.0,-100000000.0,49000000.0,,1248000000.0,4891000000.0,912000000.0,26000000.0,3979000000.0,3316000000.0,4917000000.0,5956000000.0,3979000000.0,6145000000.0,,,,,1248000000.0,2383000000.0,,777000000.0,3979000000.0,-5817000000.0,-609000000.0,,0.0,,,,,,,,,,,-385000000.0,-104000000.0
2015-12-31,147461000000.0,90114000000.0,16549000000.0,73066000000.0,491000000.0,13459000000.0,57347000000.0,29016000000.0,11130000000.0,19716000000.0,3847000000.0,15869000000.0,65462000000.0,9383000000.0,56517000000.0,3139000000.0,,27130000000.0,19310000000.0,1931000000.0,939000000.0,3225000000.0,2000000000.0,7820000000.0,,3225000000.0,1000000000.0,1995000000.0,5225000000.0,13366000000.0,1822000000.0,120331000000.0,,89223000000.0,32982000000.0,687348000.0,13141000000.0,21329000000.0,8188000000.0,8188000000.0,5380000000.0,4251000000.0,3510000000.0,7761000000.0,,-26000000.0,,26000000.0,-161000000.0,35000000.0,,1404000000.0,5200000000.0,277000000.0,26000000.0,4923000000.0,4641000000.0,5226000000.0,7093000000.0,4923000000.0,6609000000.0,1245000000.0,,1246000000.0,1758000000.0,1404000000.0,2100000000.0,1758000000.0,663000000.0,4696000000.0,-5487000000.0,-2559000000.0,,1780000000.0,1780000000.0,,,,,,,,-1780000000.0,,-1519000000.0,-82000000.0
2016-03-31,149747000000.0,90955000000.0,15111000000.0,75264000000.0,,12622000000.0,58792000000.0,30162000000.0,11833000000.0,19523000000.0,3657000000.0,15866000000.0,69819000000.0,9977000000.0,60153000000.0,2719000000.0,,26178000000.0,17684000000.0,1667000000.0,1064000000.0,3221000000.0,1998000000.0,8494000000.0,,1987000000.0,,1987000000.0,-13000000.0,11863000000.0,1965000000.0,123569000000.0,,91168000000.0,33695000000.0,686792000.0,12609000000.0,20257000000.0,7648000000.0,7648000000.0,5342000000.0,3900000000.0,3367000000.0,7267000000.0,,-30000000.0,,30000000.0,-186000000.0,13000000.0,,1371000000.0,5129000000.0,922000000.0,30000000.0,4102000000.0,4787000000.0,5159000000.0,6996000000.0,4207000000.0,7658000000.0,184000000.0,,-1315000000.0,-818000000.0,1371000000.0,2428000000.0,-818000000.0,-1010000000.0,4102000000.0,-6245000000.0,-2911000000.0,,2098000000.0,2098000000.0,,,,,,,,-2098000000.0,,-1438000000.0,60000000.0
2016-06-30,154292000000.0,94238000000.0,13627000000.0,78460000000.0,,12262000000.0,60054000000.0,31413000000.0,12491000000.0,19293000000.0,3452000000.0,15841000000.0,75341000000.0,10520000000.0,64833000000.0,3016000000.0,,26413000000.0,17341000000.0,1716000000.0,1051000000.0,2219000000.0,1999000000.0,9072000000.0,,1984000000.0,2219000000.0,1984000000.0,-16000000.0,12506000000.0,2151000000.0,127879000000.0,,94737000000.0,34293000000.0,686778000.0,13370000000.0,21500000000.0,8130000000.0,8130000000.0,5968000000.0,4039000000.0,3363000000.0,7402000000.0,,-32000000.0,,32000000.0,-128000000.0,18000000.0,,1490000000.0,6119000000.0,1242000000.0,32000000.0,4834000000.0,5020000000.0,6151000000.0,7783000000.0,4877000000.0,9120000000.0,-136000000.0,,626000000.0,835000000.0,1490000000.0,2123000000.0,835000000.0,652000000.0,4834000000.0,-7173000000.0,-3440000000.0,,1595000000.0,1595000000.0,,,,,,,,-1595000000.0,,-1484000000.0,9000000.0
2016-09-30,159948000000.0,98546000000.0,9406000000.0,83056000000.0,559000000.0,12395000000.0,61402000000.0,32753000000.0,13341000000.0,19395000000.0,3367000000.0,16028000000.0,83583000000.0,10205000000.0,73650000000.0,2536000000.0,,25845000000.0,14323000000.0,2175000000.0,1092000000.0,0.0,171000000.0,11522000000.0,,3938000000.0,,3938000000.0,-62000000.0,11054000000.0,2561000000.0,134103000000.0,,99798000000.0,35337000000.0,689136000.0,13752000000.0,22451000000.0,8699000000.0,8699000000.0,5767000000.0,4389000000.0,3596000000.0,7985000000.0,,-29000000.0,,29000000.0,-123000000.0,22000000.0,,1596000000.0,6045000000.0,984000000.0,29000000.0,5000000000.0,5180000000.0,6074000000.0,7703000000.0,5061000000.0,9845000000.0,18000000.0,,1307000000.0,282000000.0,1596000000.0,2554000000.0,282000000.0,948000000.0,5000000000.0,-13045000000.0,-1089000000.0,,0.0,0.0,,,,,,,,0.0,,-4221000000.0,68000000.0
2016-12-31,167497000000.0,105408000000.0,12918000000.0,86333000000.0,268000000.0,14232000000.0,62089000000.0,34234000000.0,13293000000.0,19775000000.0,3307000000.0,16468000000.0,84085000000.0,10578000000.0,73415000000.0,4575000000.0,1819000000.0,28461000000.0,16756000000.0,2041000000.0,1301000000.0,0.0,0.0,11705000000.0,,4000000000.0,3935000000.0,3935000000.0,4000000000.0,13062000000.0,2665000000.0,139036000000.0,,105131000000.0,36307000000.0,691293000.0,15403000000.0,26064000000.0,10661000000.0,10661000000.0,6639000000.0,5142000000.0,3622000000.0,8764000000.0,,-33000000.0,,33000000.0,-38000000.0,35000000.0,,1687000000.0,6857000000.0,1524000000.0,33000000.0,5542000000.0,3963000000.0,6890000000.0,8686000000.0,5333000000.0,9413000000.0,18000000.0,,1230000000.0,2279000000.0,1687000000.0,3078000000.0,2279000000.0,1830000000.0,5340000000.0,-4702000000.0,-892000000.0,,0.0,0.0,,,,,,,,298000000.0,,3512000000.0,-307000000.0
2017-03-31,172756000000.0,108794000000.0,18132000000.0,92439000000.0,280000000.0,12969000000.0,63962000000.0,35936000000.0,14385000000.0,19684000000.0,3137000000.0,16547000000.0,84840000000.0,10931000000.0,74307000000.0,3106000000.0,,27807000000.0,15256000000.0,2306000000.0,1471000000.0,,803000000.0,12551000000.0,,3937000000.0,,3937000000.0,-63000000.0,10999000000.0,2763000000.0,144949000000.0,,109420000000.0,37698000000.0,692108000.0,14955000000.0,24750000000.0,9795000000.0,9795000000.0,6568000000.0,4445000000.0,3942000000.0,8387000000.0,,-25000000.0,,25000000.0,-2000000.0,34000000.0,,1503000000.0,6819000000.0,1393000000.0,25000000.0,5377000000.0,5659000000.0,6844000000.0,8417000000.0,5426000000.0,9548000000.0,,,-1654000000.0,-1267000000.0,1503000000.0,2508000000.0,-1267000000.0,-2070000000.0,5377000000.0,-2851000000.0,-1674000000.0,,1127000000.0,1127000000.0,,,,,,,,-1127000000.0,,5214000000.0,191000000.0
2017-06-30,178621000000.0,112386000000.0,15711000000.0,94713000000.0,398000000.0,14877000000.0,66235000000.0,37676000000.0,15665000000.0,19537000000.0,2933000000.0,16604000000.0,90410000000.0,11942000000.0,79002000000.0,2398000000.0,,30335000000.0,18685000000.0,2488000000.0,1571000000.0,,12216000000.0,11281000000.0,,3955000000.0,3955000000.0,3939000000.0,-61000000.0,2755000000.0,2853000000.0,148286000000.0,,111505000000.0,38509000000.0,692876000.0,15637000000.0,26010000000.0,10373000000.0,10373000000.0,4132000000.0,4597000000.0,4172000000.0,8769000000.0,,-21000000.0,,21000000.0,-46000000.0,34000000.0,,1625000000.0,4377000000.0,853000000.0,21000000.0,3511000000.0,3965000000.0,4398000000.0,8821000000.0,3524000000.0,7403000000.0,,,3655000000.0,836000000.0,1625000000.0,2831000000.0,836000000.0,3309000000.0,3511000000.0,-7172000000.0,-2740000000.0,,1618000000.0,1618000000.0,,,,,,,,-1618000000.0,,-2421000000.0,88000000.0
2017-09-30,189536000000.0,119345000000.0,10581000000.0,100143000000.0,765000000.0,15577000000.0,70191000000.0,40120000000.0,16238000000.0,19614000000.0,2883000000.0,16731000000.0,101706000000.0,12569000000.0,89562000000.0,2860000000.0,2683000000.0,32436000000.0,20693000000.0,2674000000.0,1615000000.0,,13906000000.0,11592000000.0,,3964000000.0,3964000000.0,3941000000.0,-59000000.0,2844000000.0,2924000000.0,157100000000.0,,118237000000.0,39609000000.0,694790000.0,16624000000.0,27772000000.0,11148000000.0,11148000000.0,7782000000.0,4637000000.0,4205000000.0,8842000000.0,,-27000000.0,,27000000.0,-53000000.0,47000000.0,,1761000000.0,7979000000.0,1247000000.0,27000000.0,6701000000.0,7714000000.0,8006000000.0,9896000000.0,6732000000.0,9872000000.0,,,1406000000.0,3236000000.0,1761000000.0,3538000000.0,1150000000.0,-22000000.0,6701000000.0,-14404000000.0,-706000000.0,,0.0,0.0,,,,,,,,0.0,,-5130000000.0,108000000.0
2017-12-31,197295000000.0,124308000000.0,10715000000.0,101871000000.0,749000000.0,18705000000.0,72987000000.0,42383000000.0,17264000000.0,19439000000.0,2692000000.0,16747000000.0,104357000000.0,13713000000.0,91156000000.0,2983000000.0,2672000000.0,44793000000.0,24183000000.0,3137000000.0,1772000000.0,0.0,0.0,20180000000.0,,4026000000.0,3969000000.0,3943000000.0,4026000000.0,2874000000.0,3059000000.0,152502000000.0,,113247000000.0,40247000000.0,694783000.0,18056000000.0,32323000000.0,14267000000.0,14267000000.0,7696000000.0,6086000000.0,4306000000.0,10392000000.0,,-36000000.0,,36000000.0,-20000000.0,43000000.0,,2026000000.0,8018000000.0,11038000000.0,36000000.0,-3083000000.0,-3266000000.0,8054000000.0,10134000000.0,-3020000000.0,10268000000.0,,,2605000000.0,3127000000.0,2026000000.0,4307000000.0,3049000000.0,2465000000.0,-3083000000.0,-6974000000.0,-3178000000.0,,2101000000.0,2101000000.0,,800000000.0,800000000.0,,,,,-2101000000.0,,134000000.0,18000000.0
2018-03-31,206935000000.0,123761000000.0,12658000000.0,102885000000.0,636000000.0,16814000000.0,83174000000.0,48845000000.0,18956000000.0,20671000000.0,2809000000.0,17862000000.0,104645000000.0,12476000000.0,90227000000.0,3426000000.0,2004000000.0,46110000000.0,25394000000.0,3526000000.0,1911000000.0,1329000000.0,1300000000.0,20322000000.0,,3944000000.0,29000000.0,3944000000.0,1244000000.0,18943000000.0,3149000000.0,160825000000.0,,120008000000.0,41487000000.0,694945000.0,17679000000.0,31146000000.0,13467000000.0,13467000000.0,7633000000.0,5639000000.0,5039000000.0,10678000000.0,,-30000000.0,,30000000.0,31122000000.0,212000000.0,,1986000000.0,10543000000.0,1142000000.0,30000000.0,9401000000.0,9821000000.0,10573000000.0,9591000000.0,9401000000.0,11642000000.0,,,-890000000.0,-1459000000.0,1986000000.0,7299000000.0,-1700000000.0,-1669000000.0,9401000000.0,-7846000000.0,-2018000000.0,,2173000000.0,2173000000.0,,,,,,,,-2173000000.0,,1943000000.0,165000000.0
2018-06-30,211610000000.0,124157000000.0,14148000000.0,102254000000.0,698000000.0,17244000000.0,87453000000.0,51672000000.0,20204000000.0,20557000000.0,2662000000.0,17895000000.0,191247000000.0,12787000000.0,88106000000.0,3961000000.0,3052000000.0,49610000000.0,29903000000.0,3369000000.0,,,0.0,19228000000.0,,3947000000.0,3981000000.0,3947000000.0,-53000000.0,7914000000.0,3237000000.0,162000000000.0,,121282000000.0,42243000000.0,695946000.0,18774000000.0,32657000000.0,13883000000.0,13883000000.0,3045000000.0,5782000000.0,5114000000.0,10896000000.0,,-27000000.0,,27000000.0,33145000000.0,49000000.0,,2114000000.0,4215000000.0,1020000000.0,27000000.0,3195000000.0,2340000000.0,4242000000.0,10392000000.0,3195000000.0,10132000000.0,,,5762000000.0,827000000.0,2114000000.0,5477000000.0,312000000.0,5210000000.0,3195000000.0,-3374000000.0,-4937000000.0,,2052000000.0,2052000000.0,,,,,,,,-2052000000.0,,1490000000.0,-331000000.0
2018-09-30,221538000000.0,129702000000.0,13443000000.0,106416000000.0,1212000000.0,18067000000.0,91836000000.0,55300000000.0,21828000000.0,20343000000.0,2448000000.0,17895000000.0,200680000000.0,12673000000.0,92973000000.0,4007000000.0,2838000000.0,51698000000.0,31301000000.0,3789000000.0,,,0.0,19079000000.0,,3948000000.0,,3948000000.0,-52000000.0,7993000000.0,3214000000.0,169840000000.0,,128405000000.0,43111000000.0,695957000.0,19459000000.0,33740000000.0,14281000000.0,14281000000.0,8625000000.0,5917000000.0,5232000000.0,11149000000.0,,-28000000.0,,28000000.0,34059000000.0,49000000.0,,2355000000.0,10083000000.0,891000000.0,28000000.0,9192000000.0,9041000000.0,10111000000.0,11168000000.0,9192000000.0,13210000000.0,,,2150000000.0,1154000000.0,2355000000.0,5282000000.0,670000000.0,1480000000.0,9192000000.0,-10408000000.0,-3478000000.0,,2200000000.0,2200000000.0,,,,,,,,-2200000000.0,,-705000000.0,-29000000.0
2018-12-31,232792000000.0,135676000000.0,16701000000.0,109140000000.0,1107000000.0,21193000000.0,97116000000.0,59719000000.0,22788000000.0,20108000000.0,2220000000.0,17888000000.0,199328000000.0,15159000000.0,92439000000.0,4236000000.0,2693000000.0,55164000000.0,34620000000.0,4378000000.0,2180000000.0,,0.0,19280000000.0,,4062000000.0,,3950000000.0,4062000000.0,7754000000.0,3545000000.0,177628000000.0,,134885000000.0,45049000000.0,695556000.0,21358000000.0,39276000000.0,17918000000.0,17918000000.0,8221000000.0,7121000000.0,6034000000.0,13155000000.0,,-29000000.0,,29000000.0,40666000000.0,68000000.0,,2580000000.0,10072000000.0,1124000000.0,29000000.0,8948000000.0,8318000000.0,10101000000.0,11412000000.0,8948000000.0,12987000000.0,,,3030000000.0,2854000000.0,2580000000.0,7081000000.0,2887000000.0,2869000000.0,8948000000.0,-6876000000.0,-2746000000.0,,2650000000.0,2650000000.0,,,,,,,,-2650000000.0,,3258000000.0,-107000000.0
2019-03-31,245349000000.0,138207000000.0,19148000000.0,113488000000.0,1053000000.0,19260000000.0,107142000000.0,60528000000.0,24730000000.0,20006000000.0,2063000000.0,17943000000.0,204944000000.0,15774000000.0,94340000000.0,4406000000.0,2547000000.0,61877000000.0,34910000000.0,3710000000.0,,,0.0,17479000000.0,114000000.0,3952000000.0,1142000000.0,3952000000.0,-48000000.0,9388000000.0,1417000000.0,183472000000.0,,138720000000.0,46532000000.0,694782000.0,20327000000.0,36339000000.0,16012000000.0,16012000000.0,6608000000.0,5993000000.0,6029000000.0,12022000000.0,,-35000000.0,1417000000.0,35000000.0,36453000000.0,53000000.0,,40374.0,8146000000.0,1489000000.0,35000000.0,6657000000.0,7213000000.0,8181000000.0,11336000000.0,6657000000.0,12000000000.0,374000000.0,,-735000000.0,-907000000.0,2613000000.0,4638000000.0,-1172000000.0,-641000000.0,6657000000.0,-5388000000.0,-4183000000.0,,3025000000.0,3025000000.0,,,,,,,,-3025000000.0,,2447000000.0,18000000.0
2019-06-30,257101000000.0,147437000000.0,16587000000.0,121056000000.0,964000000.0,21317000000.0,109664000000.0,64891000000.0,26539000000.0,19902000000.0,1902000000.0,18000000000.0,222621000000.0,13312000000.0,104469000000.0,4100000000.0,2461000000.0,64909000000.0,37000000000.0,3925000000.0,2104000000.0,,0.0,18821000000.0,120000000.0,3954000000.0,1064000000.0,3954000000.0,-46000000.0,9521000000.0,1499000000.0,192192000000.0,,145346000000.0,47937000000.0,694050000.0,21749000000.0,39045000000.0,17296000000.0,17296000000.0,9180000000.0,6255000000.0,6213000000.0,12468000000.0,,-25000000.0,653000000.0,25000000.0,39070000000.0,53000000.0,,40963.0,12147000000.0,2200000000.0,25000000.0,9947000000.0,10636000000.0,12172000000.0,12262000000.0,9947000000.0,12627000000.0,396000000.0,,1276000000.0,1057000000.0,2835000000.0,6126000000.0,1146000000.0,1479000000.0,9947000000.0,-10455000000.0,-4746000000.0,,3577000000.0,3577000000.0,,,,,,,,-3577000000.0,,3425000000.0,
2019-09-30,263044000000.0,148358000000.0,16032000000.0,121177000000.0,1401000000.0,21081000000.0,114686000000.0,69252000000.0,28153000000.0,19816000000.0,1747000000.0,18069000000.0,124290000000.0,13688000000.0,105145000000.0,4699000000.0,2225000000.0,68075000000.0,39224000000.0,4142000000.0,2043000000.0,,0.0,19185000000.0,126000000.0,3956000000.0,,3956000000.0,-44000000.0,9191000000.0,1637000000.0,194969000000.0,,147125000000.0,49040000000.0,690906000.0,22935000000.0,40503000000.0,17568000000.0,17568000000.0,9177000000.0,7200000000.0,6554000000.0,13754000000.0,,-23000000.0,631000000.0,23000000.0,40526000000.0,68000000.0,,44646.0,8628000000.0,1560000000.0,23000000.0,7068000000.0,6963000000.0,8651000000.0,13009000000.0,7068000000.0,15466000000.0,442000000.0,,1851000000.0,612000000.0,2920000000.0,6732000000.0,1000000.0,1503000000.0,7068000000.0,-8945000000.0,-6954000000.0,,5696000000.0,5696000000.0,,,,,,,,-5696000000.0,,-106000000.0,
2019-12-31,275909000000.0,152578000000.0,18498000000.0,119675000000.0,999000000.0,27492000000.0,123331000000.0,73646000000.0,30561000000.0,22603000000.0,1979000000.0,20624000000.0,119195000000.0,14378000000.0,101177000000.0,4412000000.0,2342000000.0,74467000000.0,45221000000.0,5561000000.0,2266000000.0,1199000000.0,0.0,19032000000.0,685000000.0,4685000000.0,0.0,3958000000.0,4685000000.0,36553000000.0,2534000000.0,201442000000.0,,152122000000.0,50552000000.0,688335000.0,24855000000.0,45569000000.0,21020000000.0,21020000000.0,9266000000.0,8567000000.0,7222000000.0,15789000000.0,,-17000000.0,621000000.0,17000000.0,45892000000.0,-72000000.0,,46467.0,10704000000.0,33000000.0,17000000.0,10671000000.0,10635000000.0,10721000000.0,13695000000.0,10671000000.0,14427000000.0,449000000.0,,5243000000.0,4199000000.0,3413000000.0,6052000000.0,4365000000.0,5481000000.0,10671000000.0,-4703000000.0,-7326000000.0,,6098000000.0,6098000000.0,,1015000000.0,1015000000.0,,,,,-6098000000.0,,2398000000.0,
2020-03-31,273403000000.0,147018000000.0,19644000000.0,117229000000.0,889000000.0,23735000000.0,126385000000.0,87966000000.0,,22574000000.0,1840000000.0,20734000000.0,114470000000.0,13567000000.0,97585000000.0,5165000000.0,2748000000.0,69744000000.0,40189000000.0,4099000000.0,2288000000.0,1312000000.0,0.0,19079000000.0,1154000000.0,5512000000.0,1312000000.0,3960000000.0,-40000000.0,32840000000.0,2427000000.0,203659000000.0,,151068000000.0,53688000000.0,683972000.0,22177000000.0,41159000000.0,18982000000.0,18982000000.0,7977000000.0,7380000000.0,6820000000.0,14200000000.0,,-21000000.0,586000000.0,21000000.0,41310000000.0,18000000.0,,47300.0,7757000000.0,921000000.0,21000000.0,6836000000.0,6971000000.0,7778000000.0,11769000000.0,6836000000.0,11451000000.0,430000000.0,,-4329000000.0,-2487000000.0,3108000000.0,6005000000.0,-2602000000.0,-4517000000.0,6836000000.0,-1847000000.0,-8186000000.0,,8496000000.0,8496000000.0,,,,,,,,-8496000000.0,,1418000000.0,
2020-06-30,278492000000.0,149069000000.0,17742000000.0,121080000000.0,815000000.0,21595000000.0,129423000000.0,78748000000.0,,22521000000.0,1697000000.0,20824000000.0,122355000000.0,14161000000.0,103338000000.0,5579000000.0,2731000000.0,71170000000.0,43658000000.0,4064000000.0,2458000000.0,1136000000.0,0.0,27512000000.0,1171000000.0,5297000000.0,997000000.0,2963000000.0,-37000000.0,36117000000.0,1992000000.0,207322000000.0,,151681000000.0,55937000000.0,681215000.0,19744000000.0,38297000000.0,18553000000.0,18553000000.0,6383000000.0,6486000000.0,6875000000.0,13361000000.0,,-13000000.0,433000000.0,13000000.0,38761000000.0,-147000000.0,,51116.0,8277000000.0,1318000000.0,13000000.0,6959000000.0,7760000000.0,8290000000.0,9926000000.0,6959000000.0,13993000000.0,493000000.0,,1689000000.0,324000000.0,3386000000.0,5391000000.0,80000000.0,1367000000.0,6959000000.0,-8448000000.0,-7498000000.0,,6852000000.0,6852000000.0,,,,,,,,-6852000000.0,,1075000000.0,
2020-09-30,299243000000.0,164369000000.0,20129000000.0,132596000000.0,835000000.0,25513000000.0,134874000000.0,81636000000.0,,22390000000.0,1520000000.0,20870000000.0,134397000000.0,15956000000.0,112467000000.0,5425000000.0,3274000000.0,86323000000.0,48200000000.0,4391000000.0,2756000000.0,1121000000.0,0.0,38123000000.0,1074000000.0,14899000000.0,999000000.0,13900000000.0,-173000000.0,39972000000.0,2194000000.0,212920000000.0,,155567000000.0,57307000000.0,677724000.0,25013000000.0,46130000000.0,21117000000.0,21117000000.0,11213000000.0,6987000000.0,6856000000.0,13843000000.0,,-48000000.0,460000000.0,48000000.0,46178000000.0,-88000000.0,,52750.0,13359000000.0,2112000000.0,48000000.0,11247000000.0,11589000000.0,13407000000.0,14954000000.0,11247000000.0,17003000000.0,527000000.0,,3690000000.0,3834000000.0,3478000000.0,5406000000.0,3601000000.0,3726000000.0,11247000000.0,-15197000000.0,546000000.0,,7897000000.0,7897000000.0,,,,,,,,-7897000000.0,,5314000000.0,
2020-12-31,319616000000.0,174296000000.0,26465000000.0,136694000000.0,728000000.0,31384000000.0,146720000000.0,84749000000.0,41713000000.0,22620000000.0,1445000000.0,21175000000.0,138984000000.0,22103000000.0,110229000000.0,5490000000.0,3953000000.0,97072000000.0,56834000000.0,5589000000.0,3024000000.0,1100000000.0,0.0,40238000000.0,1100000000.0,15319000000.0,999000000.0,14000000000.0,15319000000.0,47008000000.0,2269000000.0,222544000000.0,,163401000000.0,58510000000.0,675222000.0,30038000000.0,56118000000.0,26080000000.0,26080000000.0,15651000000.0,8145000000.0,7022000000.0,15167000000.0,,-53000000.0,386000000.0,53000000.0,-125497000000.0,-420000000.0,,55131.0,18689000000.0,3462000000.0,53000000.0,15227000000.0,15814000000.0,18742000000.0,19292000000.0,15227000000.0,22677000000.0,554000000.0,,5783000000.0,6183000000.0,3725000000.0,5479000000.0,5445000000.0,5237000000.0,15227000000.0,-7281000000.0,-9270000000.0,,7904000000.0,7904000000.0,,,,,,,,-7904000000.0,,6126000000.0,
2021-03-31,327095000000.0,172137000000.0,26622000000.0,135104000000.0,888000000.0,28499000000.0,68952000000.0,87606000000.0,,24164000000.0,1823000000.0,22341000000.0,142520000000.0,26894000000.0,108482000000.0,7646000000.0,4167000000.0,97082000000.0,55453000000.0,4801000000.0,3220000000.0,1090000000.0,0.0,41629000000.0,1052000000.0,14000000000.0,1000000000.0,13000000000.0,-165000000.0,46074000000.0,2146000000.0,230013000000.0,,170580000000.0,59436000000.0,671094000.0,31211000000.0,55314000000.0,24103000000.0,24103000000.0,16437000000.0,7289000000.0,7485000000.0,14774000000.0,,-76000000.0,345000000.0,76000000.0,55519000000.0,373000000.0,,55213.0,21283000000.0,3353000000.0,76000000.0,17930000000.0,17294000000.0,21359000000.0,19248000000.0,17930000000.0,19289000000.0,,,-4375000000.0,-2801000000.0,2753000000.0,5942000000.0,-2794000000.0,-3967000000.0,17930000000.0,-5383000000.0,-13606000000.0,,11395000000.0,11395000000.0,,,,,,,,-11395000000.0,,300000000.0,
2021-06-30,335387000000.0,175697000000.0,23630000000.0,135863000000.0,907000000.0,32851000000.0,69593000000.0,91697000000.0,,24032000000.0,1626000000.0,22406000000.0,140465000000.0,27132000000.0,112233000000.0,6076000000.0,4298000000.0,97822000000.0,55741000000.0,4708000000.0,6425000000.0,117000000.0,0.0,42081000000.0,1491000000.0,12400000000.0,0.0,12400000000.0,-163000000.0,46281000000.0,2270000000.0,237565000000.0,,176939000000.0,60436000000.0,667637000.0,35653000000.0,61880000000.0,26227000000.0,26227000000.0,19361000000.0,8617000000.0,7675000000.0,16292000000.0,,-76000000.0,389000000.0,76000000.0,61960000000.0,-90000000.0,,55806.0,21985000000.0,3460000000.0,76000000.0,18525000000.0,18718000000.0,22061000000.0,22174000000.0,18525000000.0,21890000000.0,,,3598000000.0,3860000000.0,2945000000.0,5496000000.0,3661000000.0,4005000000.0,18525000000.0,-9074000000.0,-15991000000.0,,12796000000.0,12796000000.0,,,,,,,,-12796000000.0,,18525000000.0,
2021-09-30,347403000000.0,184110000000.0,23719000000.0,142003000000.0,1278000000.0,34800000000.0,70162000000.0,94631000000.0,,24172000000.0,1549000000.0,22623000000.0,146960000000.0,27601000000.0,118284000000.0,6029000000.0,4276000000.0,102836000000.0,61782000000.0,4616000000.0,6978000000.0,249000000.0,0.0,41054000000.0,1447000000.0,12300000000.0,0.0,12300000000.0,-159000000.0,52097000000.0,2250000000.0,244567000000.0,,183782000000.0,61193000000.0,664682000.0,37307000000.0,64928000000.0,27621000000.0,27621000000.0,21031000000.0,8772000000.0,7694000000.0,16466000000.0,,-77000000.0,387000000.0,77000000.0,65005000000.0,8000000.0,,54000.0,23064000000.0,4128000000.0,77000000.0,18936000000.0,18338000000.0,23141000000.0,24426000000.0,18936000000.0,25539000000.0,,,3072000000.0,3664000000.0,3304000000.0,6819000000.0,2409000000.0,1664000000.0,18936000000.0,-10050000000.0,-15254000000.0,,12610000000.0,12610000000.0,,,,,,,,-12610000000.0,,18936000000.0,
2021-12-31,359268000000.0,188143000000.0,20945000000.0,139649000000.0,1170000000.0,40270000000.0,172625000000.0,97599000000.0,49414000000.0,24373000000.0,1417000000.0,22956000000.0,152164000000.0,31049000000.0,118704000000.0,8020000000.0,5361000000.0,107633000000.0,64254000000.0,6037000000.0,3823000000.0,113000000.0,0.0,43379000000.0,1973000000.0,15440000000.0,0.0,12400000000.0,15440000000.0,52740000000.0,2205000000.0,251635000000.0,,191484000000.0,61774000000.0,662121000.0,42152000000.0,75140000000.0,32988000000.0,32988000000.0,21885000000.0,11744000000.0,8708000000.0,20452000000.0,,-117000000.0,378000000.0,117000000.0,-181639000000.0,120000000.0,,71391.0,24402000000.0,3760000000.0,117000000.0,20642000000.0,19427000000.0,24519000000.0,25643000000.0,20642000000.0,24934000000.0,,,6066000000.0,6218000000.0,3439000000.0,6383000000.0,5819000000.0,5438000000.0,20642000000.0,-11016000000.0,-16511000000.0,,13473000000.0,13473000000.0,,,,,,,,-13473000000.0,,-2593000000.0,
2022-03-31,357096000000.0,177853000000.0,20886000000.0,133970000000.0,1369000000.0,35622000000.0,76425000000.0,104218000000.0,,24323000000.0,1313000000.0,23010000000.0,147340000000.0,31944000000.0,113084000000.0,6892000000.0,5778000000.0,103092000000.0,61948000000.0,3436000000.0,3697000000.0,181000000.0,0.0,41144000000.0,1944000000.0,14791000000.0,,11400000000.0,-153000000.0,53047000000.0,2242000000.0,254004000000.0,,195221000000.0,62832000000.0,658763000.0,38460000000.0,68059000000.0,29599000000.0,29599000000.0,20094000000.0,9199000000.0,9119000000.0,18318000000.0,,-83000000.0,414000000.0,83000000.0,68142000000.0,-125000000.0,,60459.0,18934000000.0,2498000000.0,83000000.0,16436000000.0,14010000000.0,19017000000.0,24309000000.0,16436000000.0,25106000000.0,,,-5683000000.0,-3588000000.0,3782000000.0,9786000000.0,-4364000000.0,,16436000000.0,-9051000000.0,-16214000000.0,,13300000000.0,13300000000.0,,,,,,,,-13300000000.0,,-159000000.0,
2022-06-30,355185000000.0,172371000000.0,17936000000.0,124997000000.0,1980000000.0,37073000000.0,77991000000.0,106223000000.0,,25326000000.0,1377000000.0,23949000000.0,142135000000.0,32065000000.0,107061000000.0,8321000000.0,5712000000.0,99766000000.0,61354000000.0,4409000000.0,3744000000.0,82000000.0,0.0,38412000000.0,1884000000.0,12850000000.0,,10400000000.0,-150000000.0,51376000000.0,2422000000.0,255419000000.0,,196845000000.0,64402000000.0,13078000000.0,39639000000.0,69743000000.0,30104000000.0,30104000000.0,19453000000.0,10287000000.0,9841000000.0,20128000000.0,,-83000000.0,486000000.0,83000000.0,69826000000.0,259000000.0,,86065.0,19014000000.0,3012000000.0,83000000.0,16002000000.0,14223000000.0,19097000000.0,24297000000.0,16002000000.0,19422000000.0,,,2784000000.0,2814000000.0,3899000000.0,6828000000.0,1969000000.0,,16002000000.0,-4187000000.0,-17817000000.0,,15197000000.0,15197000000.0,,,,,,,,-15197000000.0,,-2582000000.0,
2022-09-30,358255000000.0,166109000000.0,21984000000.0,116259000000.0,3156000000.0,36176000000.0,85083000000.0,108363000000.0,,31026000000.0,2192000000.0,28834000000.0,129424000000.0,31719000000.0,94275000000.0,10518000000.0,5670000000.0,104629000000.0,65979000000.0,6303000000.0,4179000000.0,414000000.0,0.0,38650000000.0,1799000000.0,14653000000.0,,9700000000.0,-146000000.0,53806000000.0,2371000000.0,253626000000.0,,196220000000.0,66258000000.0,12971000000.0,38262000000.0,69420000000.0,31158000000.0,31158000000.0,17135000000.0,10526000000.0,10273000000.0,20799000000.0,,-101000000.0,615000000.0,101000000.0,69521000000.0,143000000.0,,27081.0,16233000000.0,2323000000.0,101000000.0,13910000000.0,10886000000.0,16334000000.0,21894000000.0,13910000000.0,23353000000.0,,,4229000000.0,2744000000.0,4046000000.0,7276000000.0,97000000.0,,13910000000.0,-833000000.0,-18097000000.0,,15392000000.0,15392000000.0,,,,,,,,-15392000000.0,,4423000000.0,
2022-12-31,365264000000.0,164795000000.0,21879000000.0,113762000000.0,2670000000.0,40258000000.0,202772000000.0,112668000000.0,59042000000.0,31044000000.0,2084000000.0,28960000000.0,212885000000.0,32795000000.0,91883000000.0,10775000000.0,8707000000.0,109120000000.0,69300000000.0,5128000000.0,4507000000.0,298000000.0,0.0,39820000000.0,1844000000.0,15312000000.0,0.0,9900000000.0,15312000000.0,57787000000.0,2247000000.0,256144000000.0,,195563000000.0,68184000000.0,12849000000.0,38949000000.0,74291000000.0,35342000000.0,35342000000.0,18160000000.0,12279000000.0,10267000000.0,22546000000.0,,-90000000.0,659000000.0,90000000.0,74381000000.0,104000000.0,,54880.0,17147000000.0,3523000000.0,90000000.0,13624000000.0,14873000000.0,17237000000.0,23286000000.0,13624000000.0,23614000000.0,,,3659000000.0,5393000000.0,4201000000.0,7595000000.0,4615000000.0,,13624000000.0,-6227000000.0,-17629000000.0,,15407000000.0,15407000000.0,,,,,,,,-15407000000.0,,-242000000.0,
2023-03-31,369491000000.0,161985000000.0,25924000000.0,115102000000.0,2315000000.0,36036000000.0,92466000000.0,117560000000.0,,30962000000.0,1968000000.0,28994000000.0,208310000000.0,33733000000.0,89178000000.0,8532000000.0,6439000000.0,108597000000.0,68854000000.0,4184000000.0,4325000000.0,1371000000.0,0.0,39743000000.0,1836000000.0,11199000000.0,999000000.0,10200000000.0,-140000000.0,58330000000.0,2373000000.0,260894000000.0,,196625000000.0,70269000000.0,12722000000.0,39074000000.0,69686000000.0,30612000000.0,30612000000.0,17415000000.0,10292000000.0,11468000000.0,24318000000.0,,-80000000.0,797000000.0,80000000.0,69766000000.0,132000000.0,2635000000.0,41584.0,18205000000.0,3154000000.0,80000000.0,15051000000.0,16654000000.0,18285000000.0,21597000000.0,15051000000.0,23509000000.0,,,-5802000000.0,-3708000000.0,2635000000.0,6289000000.0,-4454000000.0,,15051000000.0,-2946000000.0,-16568000000.0,,14557000000.0,14557000000.0,,,,,,,,-14557000000.0,,3995000000.0,
2023-06-30,383044000000.0,168788000000.0,25929000000.0,118332000000.0,2231000000.0,38804000000.0,95440000000.0,121208000000.0,,31176000000.0,1966000000.0,29210000000.0,214416000000.0,33616000000.0,92403000000.0,9421000000.0,6822000000.0,115903000000.0,77709000000.0,5313000000.0,4513000000.0,1317000000.0,0.0,38194000000.0,1841000000.0,11099000000.0,999000000.0,10100000000.0,-137000000.0,68550000000.0,1765000000.0,267141000000.0,,200884000000.0,72248000000.0,12629000000.0,42467000000.0,74383000000.0,31916000000.0,31916000000.0,21838000000.0,10262000000.0,10588000000.0,20920000000.0,,-43000000.0,892000000.0,43000000.0,74426000000.0,94000000.0,2824000000.0,122085.0,21903000000.0,3535000000.0,43000000.0,18368000000.0,18377000000.0,21946000000.0,26120000000.0,18368000000.0,28666000000.0,,,1762000000.0,3461000000.0,2824000000.0,6888000000.0,2948000000.0,130000000.0,18368000000.0,-10800000000.0,-17835000000.0,,14969000000.0,14969000000.0,,,,,,,,-14969000000.0,,31000000.0,
2023-09-30,396711000000.0,176310000000.0,30702000000.0,119935000000.0,2957000000.0,41020000000.0,97154000000.0,125705000000.0,,30979000000.0,1833000000.0,29146000000.0,209190000000.0,33365000000.0,89233000000.0,12398000000.0,7628000000.0,123509000000.0,86295000000.0,5803000000.0,5187000000.0,1400000000.0,0.0,37214000000.0,1914000000.0,10600000000.0,1000000000.0,9600000000.0,-133000000.0,68151000000.0,1433000000.0,273202000000.0,,205647000000.0,74591000000.0,12541000000.0,43078000000.0,76307000000.0,33229000000.0,33229000000.0,21343000000.0,10863000000.0,11258000000.0,22223000000.0,,-116000000.0,1066000000.0,116000000.0,76423000000.0,120000000.0,3171000000.0,4924000000.0,21197000000.0,1508000000.0,116000000.0,19689000000.0,18644000000.0,21313000000.0,27417000000.0,19689000000.0,30656000000.0,,,4587000000.0,4445000000.0,3171000000.0,8055000000.0,2821000000.0,2136000000.0,19689000000.0,-7150000000.0,-18382000000.0,,15787000000.0,15787000000.0,,,,,,,,-15787000000.0,,,
2023-12-31,402392000000.0,171530000000.0,24048000000.0,110916000000.0,,47964000000.0,233962000000.0,134345000000.0,67458000000.0,29198000000.0,,29198000000.0,203704000000.0,34108000000.0,86868000000.0,12650000000.0,10051000000.0,119013000000.0,81814000000.0,7493000000.0,5048000000.0,1363000000.0,0.0,37199000000.0,1383000000.0,13000000000.0,1000000000.0,11870000000.0,14862000000.0,64645000000.0,4395000000.0,283379000000.0,,211247000000.0,76534000000.0,12460000000.0,47494000000.0,85069000000.0,37575000000.0,37575000000.0,23697000000.0,12925000000.0,12113000000.0,26241000000.0,,-69000000.0,1110000000.0,69000000.0,85138000000.0,-47000000.0,3316000000.0,1563000000.0,24412000000.0,3725000000.0,69000000.0,20687000000.0,23321000000.0,24481000000.0,26044000000.0,20687000000.0,18915000000.0,,,4579000000.0,5778000000.0,3316000000.0,11019000000.0,6518000000.0,5854000000.0,20687000000.0,-6167000000.0,-19308000000.0,,16191000000.0,16191000000.0,,,,,,,,-16191000000.0,,,
2024-03-31,407350000000.0,165471000000.0,24493000000.0,108090000000.0,,44552000000.0,245279000000.0,143182000000.0,70004000000.0,29183000000.0,,29183000000.0,200943000000.0,37394000000.0,83597000000.0,12829000000.0,10065000000.0,114506000000.0,76997000000.0,6198000000.0,4894000000.0,317000000.0,0.0,37509000000.0,1355000000.0,9000000000.0,0.0,9000000000.0,-127000000.0,59026000000.0,1683000000.0,292844000000.0,,219770000000.0,77913000000.0,12381000000.0,46662000000.0,80374000000.0,33712000000.0,33404000000.0,25472000000.0,9452000000.0,11903000000.0,21355000000.0,,-94000000.0,1061000000.0,94000000.0,80468000000.0,255000000.0,3413000000.0,3413000000.0,28315000000.0,4653000000.0,94000000.0,23662000000.0,23225000000.0,28409000000.0,31822000000.0,23662000000.0,28848000000.0,,,-7319000000.0,-2167000000.0,3413000000.0,12012000000.0,-3167000000.0,,23662000000.0,-8564000000.0,-19714000000.0,,15696000000.0,15696000000.0,,,,,,,,-15696000000.0,,,
2024-06-30,414770000000.0,161995000000.0,27225000000.0,100725000000.0,,47087000000.0,255151000000.0,151155000000.0,72816000000.0,29185000000.0,,29185000000.0,179152000000.0,36548000000.0,73500000000.0,14183000000.0,9699000000.0,114017000000.0,77913000000.0,6092000000.0,5236000000.0,918000000.0,0.0,36104000000.0,1362000000.0,8900000000.0,0.0,8900000000.0,-124000000.0,61418000000.0,1753000000.0,300753000000.0,,226033000000.0,79732000000.0,12322000000.0,49228000000.0,84735000000.0,35507000000.0,35507000000.0,27425000000.0,9950000000.0,11860000000.0,21810000000.0,,1023000000.0,1090000000.0,43000000.0,84735000000.0,140000000.0,3708000000.0,3708000000.0,27551000000.0,3932000000.0,67000000.0,23619000000.0,23446000000.0,27425000000.0,31326000000.0,23619000000.0,26640000000.0,,,1800000000.0,3589000000.0,3708000000.0,13186000000.0,3057000000.0,,23619000000.0,-2781000000.0,-20889000000.0,,15684000000.0,15684000000.0,,2466000000.0,2466000000.0,,,,,-15684000000.0,,,
2024-09-30,430266000000.0,157541000000.0,19959000000.0,93230000000.0,,49104000000.0,274978000000.0,161270000000.0,,31935000000.0,,31935000000.0,180393000000.0,38430000000.0,73271000000.0,15207000000.0,13867000000.0,116147000000.0,80803000000.0,7049000000.0,5911000000.0,3367000000.0,1000000000.0,35344000000.0,1417000000.0,10499000000.0,999000000.0,9500000000.0,879000000.0,63248000000.0,1453000000.0,314119000000.0,,235317000000.0,82030000000.0,12264000000.0,51875000000.0,88349000000.0,36474000000.0,36474000000.0,28521000000.0,10826000000.0,12447000000.0,23273000000.0,,1189000000.0,1243000000.0,57000000.0,88349000000.0,70000000.0,3985000000.0,3985000000.0,31706000000.0,5405000000.0,54000000.0,26301000000.0,28085000000.0,28521000000.0,35745000000.0,26301000000.0,30698000000.0,,,-29000000.0,2233000000.0,3985000000.0,13061000000.0,1431000000.0,,26301000000.0,-18011000000.0,-20094000000.0,,15291000000.0,15291000000.0,,2455000000.0,2455000000.0,,,,,-15291000000.0,,,
2024-12-31,450256000000.0,163711000000.0,23466000000.0,95657000000.0,,52340000000.0,291396000000.0,171036000000.0,79390000000.0,31885000000.0,,31885000000.0,181545000000.0,40248000000.0,72191000000.0,15714000000.0,14874000000.0,125172000000.0,89122000000.0,7987000000.0,11036000000.0,3534000000.0,2300000000.0,36050000000.0,1442000000.0,12000000000.0,999000000.0,10883000000.0,14300000000.0,64430000000.0,4694000000.0,325084000000.0,,245084000000.0,84800000000.0,12211000000.0,54782000000.0,95395000000.0,40613000000.0,40613000000.0,30972000000.0,11768000000.0,13116000000.0,25297000000.0,,1035000000.0,1088000000.0,51000000.0,95395000000.0,454000000.0,4205000000.0,,32243000000.0,5707000000.0,53000000.0,26536000000.0,24964000000.0,30972000000.0,30972000000.0,26536000000.0,39113000000.0,,,5789000000.0,3633000000.0,4618000000.0,14276000000.0,4570000000.0,,26536000000.0,-16180000000.0,-19036000000.0,,15551000000.0,15551000000.0,,2442000000.0,2442000000.0,,,,,-15551000000.0,,,
