fiscal_date_ending,total_assets,total_current_assets,cash_and_cash_equivalents,cash_and_short_term_investments,inventory,current_net_receivables,total_non_current_assets,property_plant_equipment,accumulated_depreciation_amortization_ppe,intangible_assets,intangible_assets_excluding_goodwill,goodwill,investments,long_term_investments,short_term_investments,other_current_assets,other_non_current_assets,total_liabilities,total_current_liabilities,current_accounts_payable,deferred_revenue,current_debt,short_term_debt,total_non_current_liabilities,capital_lease_obligations,long_term_debt,current_long_term_debt,long_term_debt_non_current,short_long_term_debt_total,other_current_liabilities,other_non_current_liabilities,total_shareholder_equity,treasury_stock,retained_earnings,common_stock,common_stock_shares_outstanding,gross_profit,total_revenue,cost_of_revenue,cost_of_goods_and_services_sold,operating_income,selling_general_and_administrative,research_and_development,operating_expenses,investment_income_net,net_interest_income,interest_income,interest_expense,non_interest_income,other_non_operating_income,depreciation,depreciation_and_amortization,income_before_tax,income_tax_expense,interest_and_debt_expense,net_income_from_continuing_operations,comprehensive_income_net_of_tax,ebit,ebitda,net_income,operating_cashflow,payments_for_operating_activities,proceeds_from_operating_activities,change_in_operating_liabilities,change_in_operating_assets,depreciation_depletion_and_amortization,capital_expenditures,change_in_receivables,change_in_inventory,profit_loss,cashflow_from_investment,cashflow_from_financing,proceeds_from_repayments_of_short_term_debt,payments_for_repurchase_of_common_stock,payments_for_repurchase_of_equity,payments_for_repurchase_of_preferred_stock,dividend_payout,dividend_payout_common_stock,dividend_payout_preferred_stock,proceeds_from_issuance_of_common_stock,proceeds_from_issuance_of_long_term_debt_and_capital_securities_net,proceeds_from_issuance_of_preferred_stock,proceeds_from_repurchase_of_equity,proceeds_from_sale_of_treasury_stock,change_in_cash_and_cash_equivalents,change_in_exchange_rate
2009-06-30,889544000000.0,148305000000.0,75990000000.0,75990000000.0,355251000000.0,,355251000000.0,10925000000.0,,1437000000.0,1437000000.0,1437000000.0,,,192152000000.0,,,826731000000.0,35173000000.0,,,,35173000000.0,35173000000.0,,205482000000.0,,,226415000000.0,-35173000000.0,,62813000000.0,32157000000.0,42827000000.0,7000000.0,510736634.0,6870000000.0,13761000000.0,6891000000.0,6891000000.0,6457000000.0,6822000000.0,,1841000000.0,,2042000000.0,3470000000.0,1428000000.0,,,,527000000.0,5029000000.0,1594000000.0,,,3442000000.0,6457000000.0,6984000000.0,3435000000.0,,,,,,,,,,,,,,,,,,,,,,,,,,
2009-09-30,882185000000.0,135910000000.0,65974000000.0,65974000000.0,352190000000.0,,352190000000.0,11321000000.0,,1388000000.0,1388000000.0,1388000000.0,574007000000.0,,185548000000.0,,,816831000000.0,127035000000.0,,,127035000000.0,127035000000.0,189724000000.0,,204305000000.0,,189724000000.0,228279000000.0,-38555000000.0,,65354000000.0,32157000000.0,45660000000.0,8000000.0,513055963.0,-7578000000.0,12372000000.0,7578000000.0,5581000000.0,-13207000000.0,5629000000.0,,5629000000.0,,1453000000.0,3000000000.0,1064000000.0,,,,8000000.0,4794000000.0,1606000000.0,1064000000.0,-22391000000.0,3298000000.0,5858000000.0,5866000000.0,3188000000.0,-22391000000.0,,,,,8000000.0,424000000.0,,177292000000.0,-22391000000.0,,-5966000000.0,,0.0,,,355000000.0,355000000.0,,,,,3291000000.0,,838000000.0,
2009-12-31,848942000000.0,38290000000.0,38290000000.0,38290000000.0,342402000000.0,,360186000000.0,11380000000.0,7280000000.0,1377000000.0,1377000000.0,3543000000.0,532341000000.0,1484000000.0,180942000000.0,,,778228000000.0,128360000000.0,,,128360000000.0,128360000000.0,185085000000.0,,196288000000.0,17928000000.0,196288000000.0,246735000000.0,-236081000000.0,,70714000000.0,32156000000.0,50252000000.0,8000000.0,515113890.0,-2238000000.0,9526000000.0,2238000000.0,1915000000.0,-1996000000.0,-242000000.0,,-242000000.0,,-7732000000.0,3075000000.0,-799000000.0,,,,26000000.0,7377000000.0,2429000000.0,-799000000.0,-6663000000.0,4826000000.0,6578000000.0,6604000000.0,4948000000.0,25523000000.0,1270000000.0,,-21364000000.0,,26000000.0,479000000.0,,186295000000.0,-6663000000.0,-261000000.0,-9986000000.0,,0.0,,,355000000.0,355000000.0,,,,,-20816000000.0,,15276000000.0,
2010-03-31,880528000000.0,141560000000.0,70117000000.0,70117000000.0,339435000000.0,,339435000000.0,12322000000.0,,5983000000.0,5983000000.0,3575000000.0,542276000000.0,,43053000000.0,,,807584000000.0,153517000000.0,,,153517000000.0,153517000000.0,180414000000.0,,193609000000.0,,180414000000.0,221198000000.0,-40784000000.0,,72944000000.0,34388000000.0,53345000000.0,8000000.0,514190734.0,-7616000000.0,10522000000.0,7616000000.0,5749000000.0,-13395000000.0,5779000000.0,,5779000000.0,,-799000000.0,3001000000.0,814000000.0,9195000000.0,,,44000000.0,5159000000.0,1703000000.0,814000000.0,-22714000000.0,3462000000.0,5973000000.0,6017000000.0,3456000000.0,-7504000000.0,2010000000.0,,11056000000.0,,44000000.0,278000000.0,,6986000000.0,-22714000000.0,-966000000.0,-2757000000.0,,2269000000.0,2269000000.0,,363000000.0,363000000.0,,,,,-2269000000.0,,-11227000000.0,
2010-06-30,883188000000.0,32600000000.0,32600000000.0,32600000000.0,334868000000.0,,334868000000.0,11958000000.0,7800000000.0,5894000000.0,2346000000.0,3548000000.0,526306000000.0,1359000000.0,56414000000.0,,,809369000000.0,174104000000.0,,,174104000000.0,156068000000.0,190980000000.0,,190984000000.0,18036000000.0,190980000000.0,217705000000.0,-229399000000.0,,73819000000.0,34386000000.0,53599000000.0,8000000.0,515486866.0,-586000000.0,6807000000.0,7393000000.0,4076000000.0,-4772000000.0,4104000000.0,,5474000000.0,,1515000000.0,3302000000.0,1288000000.0,5292000000.0,,,82000000.0,1448000000.0,835000000.0,1288000000.0,-13000000000.0,651000000.0,2736000000.0,2818000000.0,613000000.0,-13000000000.0,1740000000.0,,7089000000.0,,82000000.0,174000000.0,,16823000000.0,-13000000000.0,276000000.0,-4692000000.0,,0.0,0.0,,359000000.0,359000000.0,,,,,0.0,,5537000000.0,
2010-09-30,908679000000.0,36130000000.0,36130000000.0,36130000000.0,351795000000.0,,351795000000.0,11410000000.0,8120000000.0,5866000000.0,2359000000.0,3507000000.0,537265000000.0,1402000000.0,52192000000.0,,,833022000000.0,178349000000.0,,,178349000000.0,155997000000.0,197070000000.0,,197067000000.0,22352000000.0,197070000000.0,229069000000.0,-233801000000.0,,75657000000.0,35202000000.0,55136000000.0,8000000.0,511518083.0,568000000.0,6660000000.0,6092000000.0,4125000000.0,-3614000000.0,4149000000.0,,5589000000.0,,1055000000.0,2937000000.0,1407000000.0,5605000000.0,,,33000000.0,2811000000.0,913000000.0,1407000000.0,-10619000000.0,1932000000.0,4218000000.0,4251000000.0,1898000000.0,-10619000000.0,1600000000.0,,7957000000.0,,33000000.0,447000000.0,,3516000000.0,-10619000000.0,-87000000.0,2939000000.0,,819000000.0,819000000.0,,361000000.0,361000000.0,,,,,-819000000.0,,3528000000.0,
2010-12-31,911332000000.0,39790000000.0,39788000000.0,39790000000.0,356953000000.0,,375026000000.0,11106000000.0,7870000000.0,5522000000.0,2027000000.0,3495000000.0,167751000000.0,1445000000.0,242086000000.0,166306000000.0,,833976000000.0,193699000000.0,,,193699000000.0,72371000000.0,188247000000.0,,174399000000.0,25396000000.0,188247000000.0,262144000000.0,-262875000000.0,582631000000.0,77356000000.0,36295000000.0,57163000000.0,8000000.0,507530772.0,-32530000000.0,8064000000.0,5168000000.0,4354000000.0,-36031000000.0,3140000000.0,,2956000000.0,,-7270000000.0,3069000000.0,-545000000.0,,,,361000000.0,3474000000.0,1087000000.0,-545000000.0,-42286000000.0,2385000000.0,2929000000.0,3290000000.0,2387000000.0,-9282000000.0,1390000000.0,,,,361000000.0,328000000.0,,,-42286000000.0,592000000.0,12349000000.0,,1095000000.0,1095000000.0,,360000000.0,360000000.0,,,,,-1095000000.0,,3659000000.0,
2011-03-31,933289000000.0,42680000000.0,42680000000.0,42680000000.0,374806000000.0,,391393000000.0,10184000000.0,7860000000.0,1916000000.0,1916000000.0,3322000000.0,185382000000.0,1165000000.0,53512000000.0,184217000000.0,,860820000000.0,201814000000.0,,,201814000000.0,171728000000.0,183053000000.0,,173793000000.0,30086000000.0,183053000000.0,264453000000.0,-247142000000.0,611386000000.0,72469000000.0,37723000000.0,57803000000.0,8000000.0,517917496.0,-8683000000.0,11894000000.0,7854000000.0,5500000000.0,-14350000000.0,5610000000.0,,6525000000.0,,-829000000.0,3107000000.0,858000000.0,,3107000000.0,,57000000.0,4040000000.0,1305000000.0,858000000.0,-23509000000.0,2691000000.0,4898000000.0,4955000000.0,2735000000.0,1900000000.0,2710000000.0,,,,57000000.0,277000000.0,,,-23509000000.0,112000000.0,883000000.0,,1481000000.0,1481000000.0,,358000000.0,358000000.0,,,,,-1481000000.0,,2895000000.0,
2011-06-30,936910000000.0,45430000000.0,45430000000.0,45430000000.0,370605000000.0,,386675000000.0,9743000000.0,8060000000.0,5187000000.0,1864000000.0,3323000000.0,179542000000.0,1140000000.0,223776000000.0,175472000000.0,,864554000000.0,116299000000.0,,,116299000000.0,83063000000.0,183221000000.0,,175210000000.0,33236000000.0,183221000000.0,266284000000.0,-266348000000.0,615820000000.0,72356000000.0,39219000000.0,58659000000.0,8000000.0,507855774.0,-7329000000.0,7281000000.0,5669000000.0,3456000000.0,-10992000000.0,3597000000.0,,5350000000.0,,-1660000000.0,3681000000.0,1687000000.0,,3681000000.0,,66000000.0,1612000000.0,525000000.0,1687000000.0,-17186000000.0,1070000000.0,3299000000.0,3365000000.0,1087000000.0,-17186000000.0,1310000000.0,,,,66000000.0,243000000.0,,,-17186000000.0,337000000.0,-8342000000.0,,1499000000.0,5356000000.0,,1968000000.0,1968000000.0,,,,,-5356000000.0,,2750000000.0,
2011-09-30,948909000000.0,44200000000.0,44200000000.0,44200000000.0,371459000000.0,,387063000000.0,9484000000.0,8350000000.0,5459000000.0,1816000000.0,3643000000.0,157590000000.0,661000000.0,263277000000.0,156929000000.0,,878821000000.0,119278000000.0,,,119278000000.0,87281000000.0,185020000000.0,,425829000000.0,31997000000.0,185020000000.0,513110000000.0,-273948000000.0,619350000000.0,70088000000.0,41372000000.0,58043000000.0,8000000.0,492622657.0,-5764000000.0,3587000000.0,4317000000.0,1840000000.0,-7775000000.0,1927000000.0,,3490000000.0,,-1447000000.0,3354000000.0,1479000000.0,,3354000000.0,,84000000.0,-730000000.0,-337000000.0,1479000000.0,-393000000.0,-360000000.0,749000000.0,833000000.0,-393000000.0,-424000000.0,2090000000.0,,,,84000000.0,459000000.0,,,-393000000.0,539000000.0,8456000000.0,,2160000000.0,2160000000.0,,223000000.0,223000000.0,,,,,-2160000000.0,,-1230000000.0,
2011-12-31,923225000000.0,56000000000.0,56008000000.0,56000000000.0,364206000000.0,,379035000000.0,8697000000.0,8460000000.0,1666000000.0,1666000000.0,3802000000.0,154005000000.0,664000000.0,252053000000.0,,,852846000000.0,107059000000.0,,,107059000000.0,78223000000.0,181724000000.0,,416179000000.0,28836000000.0,181724000000.0,494402000000.0,-276515000000.0,,70379000000.0,42281000000.0,58834000000.0,8000000.0,485467565.0,-6428000000.0,5489000000.0,4802000000.0,1030000000.0,-9642000000.0,3032000000.0,,4877000000.0,,9624000000.0,3032000000.0,3462000000.0,,,,1658000000.0,1247000000.0,234000000.0,1663000000.0,1013000000.0,811000000.0,4709000000.0,6367000000.0,1013000000.0,19215000000.0,1940000000.0,,,,182000000.0,205000000.0,,5085000000.0,1013000000.0,497000000.0,-7907000000.0,,908000000.0,908000000.0,,222000000.0,222000000.0,,,,,-908000000.0,,11805000000.0,
2012-03-31,950932000000.0,57140000000.0,57140000000.0,57140000000.0,385506000000.0,,400140000000.0,8597000000.0,8590000000.0,5370000000.0,1588000000.0,3782000000.0,169759000000.0,667000000.0,234149000000.0,,,879276000000.0,103488000000.0,,,103488000000.0,74049000000.0,179403000000.0,,410126000000.0,29439000000.0,179403000000.0,484175000000.0,-259026000000.0,,71656000000.0,42592000000.0,60723000000.0,8000000.0,495210854.0,-8355000000.0,9949000000.0,6768000000.0,6426000000.0,-13116000000.0,4691000000.0,,6386000000.0,,-1587000000.0,2833000000.0,1625000000.0,,,,70000000.0,3181000000.0,1072000000.0,1625000000.0,2109000000.0,2118000000.0,4806000000.0,4876000000.0,2109000000.0,3538000000.0,4040000000.0,,,,70000000.0,390000000.0,,,2109000000.0,-240000000.0,-2168000000.0,,365000000.0,365000000.0,,220000000.0,220000000.0,,,,,-365000000.0,,1130000000.0,
2012-06-30,948638000000.0,58910000000.0,58910000000.0,58910000000.0,387196000000.0,,401884000000.0,8616000000.0,8820000000.0,5400000000.0,1621000000.0,3779000000.0,168188000000.0,672000000.0,56685000000.0,,,875783000000.0,92031000000.0,,,92031000000.0,65138000000.0,176338000000.0,,401788000000.0,26893000000.0,176338000000.0,466926000000.0,-254876000000.0,,72855000000.0,44092000000.0,61412000000.0,8000000.0,480990890.0,-6827000000.0,6627000000.0,5212000000.0,3129000000.0,-10149000000.0,3246000000.0,,4972000000.0,,-1615000000.0,3055000000.0,1650000000.0,,,,76000000.0,1415000000.0,453000000.0,1650000000.0,962000000.0,963000000.0,3065000000.0,3141000000.0,962000000.0,940000000.0,1680000000.0,,,,76000000.0,152000000.0,,,962000000.0,-941000000.0,-2651000000.0,,1501000000.0,1501000000.0,,273000000.0,273000000.0,,,,,249000000.0,,1775000000.0,
2012-09-30,949207000000.0,63640000000.0,63639000000.0,63640000000.0,415293000000.0,,429577000000.0,-9020000000.0,9020000000.0,5296000000.0,1533000000.0,3763000000.0,166228000000.0,518000000.0,1000000.0,,,875520000000.0,96896000000.0,,,96896000000.0,68321000000.0,176221000000.0,,402813000000.0,28575000000.0,176221000000.0,471134000000.0,-252722000000.0,,73687000000.0,45334000000.0,62638000000.0,8000000.0,471430795.0,-7656000000.0,10144000000.0,6053000000.0,3892000000.0,-11704000000.0,3988000000.0,,5689000000.0,,836000000.0,2629000000.0,1793000000.0,7515000000.0,,,396000000.0,2298000000.0,786000000.0,1641000000.0,1512000000.0,1636000000.0,4091000000.0,4487000000.0,1512000000.0,1482000000.0,2150000000.0,,,,60000000.0,165000000.0,,,1512000000.0,-336000000.0,4049000000.0,,1250000000.0,1250000000.0,,286000000.0,286000000.0,,,,500000000.0,-750000000.0,,4726000000.0,
2012-12-31,938555000000.0,72670000000.0,72669000000.0,72670000000.0,407011000000.0,,420780000000.0,-9050000000.0,9050000000.0,5099000000.0,1397000000.0,3702000000.0,137346000000.0,453000000.0,1000000.0,136893000000.0,,862839000000.0,203556000000.0,,,203556000000.0,67349000000.0,176270000000.0,,399470000000.0,25344000000.0,176270000000.0,577682000000.0,-261834000000.0,593400000000.0,75716000000.0,46850000000.0,65223000000.0,8000000.0,465148387.0,-6541000000.0,11127000000.0,4923000000.0,13819000000.0,-9357000000.0,2684000000.0,,4479000000.0,,973000000.0,2864000000.0,1891000000.0,8263000000.0,,,500000000.0,4313000000.0,1421000000.0,1657000000.0,2892000000.0,3081000000.0,6204000000.0,6704000000.0,2892000000.0,2961000000.0,1380000000.0,,,996000000.0,132000000.0,254000000.0,,,2892000000.0,-2217000000.0,8286000000.0,,1524000000.0,1524000000.0,,307000000.0,307000000.0,,,,837000000.0,-687000000.0,,9030000000.0,
2013-03-31,959223000000.0,187141000000.0,63333000000.0,63333000000.0,387393000000.0,,400491000000.0,7960000000.0,,4683000000.0,4683000000.0,4683000000.0,,387393000000.0,41044000000.0,172041000000.0,,881995000000.0,244507000000.0,,,,40980000000.0,244507000000.0,,167008000000.0,,,238449000000.0,-244507000000.0,612834000000.0,77228000000.0,-48347000000.0,67164000000.0,8000000.0,509799994.0,4972000000.0,11773000000.0,4557000000.0,4557000000.0,5056000000.0,4466000000.0,,2160000000.0,,925000000.0,,1683000000.0,9165000000.0,2608000000.0,,302000000.0,3373000000.0,1113000000.0,,2260000000.0,2245000000.0,5056000000.0,5358000000.0,2260000000.0,-5698000000.0,1960000000.0,,,,42000000.0,171000000.0,,20028000000.0,2260000000.0,-953000000.0,-2685000000.0,,,1525000000.0,,319000000.0,319000000.0,,,,,-1525000000.0,,-9336000000.0,
2013-06-30,938456000000.0,72398000000.0,72398000000.0,72398000000.0,356161000000.0,,369080000000.0,-8820000000.0,8820000000.0,4494000000.0,795000000.0,3699000000.0,175172000000.0,374000000.0,51930000000.0,174798000000.0,,860413000000.0,188500000000.0,,,188500000000.0,164766000000.0,169717000000.0,,383982000000.0,23734000000.0,169717000000.0,548748000000.0,-270732000000.0,601642000000.0,78043000000.0,49949000000.0,68783000000.0,8000000.0,450480540.0,-7589000000.0,10449000000.0,5967000000.0,3913000000.0,-11644000000.0,4025000000.0,,5727000000.0,,826000000.0,2663000000.0,1837000000.0,7786000000.0,2663000000.0,,266000000.0,2645000000.0,714000000.0,1672000000.0,1931000000.0,1556000000.0,4482000000.0,4748000000.0,1931000000.0,1934000000.0,1370000000.0,,,-16043000000.0,30000000.0,158000000.0,,36071000000.0,1931000000.0,-707000000.0,-1560000000.0,,1600000000.0,1600000000.0,,312000000.0,312000000.0,,,,0.0,-609000000.0,,9065000000.0,
2013-09-30,923223000000.0,65478000000.0,65478000000.0,65478000000.0,324257000000.0,,337858000000.0,-8860000000.0,8860000000.0,4458000000.0,756000000.0,3702000000.0,356418000000.0,422000000.0,53875000000.0,175095000000.0,,845607000000.0,98633000000.0,,,79599000000.0,58499000000.0,175875000000.0,,32841000000.0,21100000000.0,175875000000.0,91340000000.0,-260372000000.0,357994000000.0,77616000000.0,51598000000.0,69975000000.0,8000000.0,441499049.0,2167000000.0,8280000000.0,4555000000.0,2587000000.0,-1230000000.0,2701000000.0,,4955000000.0,,840000000.0,2398000000.0,1558000000.0,5882000000.0,,,280000000.0,2167000000.0,650000000.0,1558000000.0,1517000000.0,1500000000.0,3725000000.0,4005000000.0,1517000000.0,1517000000.0,1350000000.0,,,-29449000000.0,47000000.0,169000000.0,,65520000000.0,1517000000.0,1055000000.0,606000000.0,,1650000000.0,1650000000.0,,325000000.0,325000000.0,,,,0.0,-1650000000.0,,-6920000000.0,
2013-12-31,911124000000.0,61133000000.0,78867000000.0,61133000000.0,339121000000.0,,353110000000.0,9196000000.0,9040000000.0,4376000000.0,671000000.0,3705000000.0,336388000000.0,417000000.0,211403000000.0,164566000000.0,,833040000000.0,214536000000.0,,,195791000000.0,170479000000.0,168489000000.0,,218303000000.0,25312000000.0,168489000000.0,388782000000.0,-266747000000.0,352944000000.0,78467000000.0,53015000000.0,71961000000.0,8000000.0,446359012.0,3552000000.0,10372000000.0,5230000000.0,4851000000.0,-243000000.0,2860000000.0,,5385000000.0,,801000000.0,2391000000.0,1590000000.0,7981000000.0,,,474000000.0,3552000000.0,1220000000.0,1590000000.0,2332000000.0,2408000000.0,5142000000.0,5616000000.0,2332000000.0,2280000000.0,1010000000.0,,,14441000000.0,86000000.0,208000000.0,,51079000000.0,2332000000.0,-548000000.0,-3712000000.0,,1400000000.0,1400000000.0,,346000000.0,346000000.0,,,,0.0,-1400000000.0,,-4345000000.0,
2014-03-31,915665000000.0,58858000000.0,58858000000.0,58858000000.0,332533000000.0,,346360000000.0,-9290000000.0,9290000000.0,4486000000.0,780000000.0,3706000000.0,332878000000.0,397000000.0,60180000000.0,190735000000.0,,836566000000.0,189145000000.0,,,170803000000.0,144271000000.0,172499000000.0,,38976000000.0,26532000000.0,172499000000.0,183247000000.0,-292918000000.0,327741000000.0,79099000000.0,54726000000.0,73646000000.0,8000000.0,448032463.0,3021000000.0,10885000000.0,6307000000.0,4221000000.0,-2140000000.0,4349000000.0,,6718000000.0,,1037000000.0,2594000000.0,1557000000.0,8291000000.0,,,390000000.0,3021000000.0,988000000.0,1557000000.0,2033000000.0,1997000000.0,4578000000.0,4968000000.0,2033000000.0,-4221000000.0,2260000000.0,,,-6645000000.0,48000000.0,164000000.0,,6645000000.0,2033000000.0,-162000000.0,5149000000.0,,1719000000.0,1719000000.0,,348000000.0,348000000.0,,,,0.0,-1719000000.0,,-2275000000.0,
2014-06-30,859914000000.0,56983000000.0,56983000000.0,56983000000.0,345806000000.0,,13758000000.0,8884000000.0,9510000000.0,4469000000.0,762000000.0,3707000000.0,277866000000.0,405000000.0,40668000000.0,164719000000.0,,778285000000.0,149639000000.0,,,140199000000.0,112751000000.0,173458000000.0,,42151000000.0,27448000000.0,173458000000.0,154902000000.0,-276010000000.0,291382000000.0,81629000000.0,55975000000.0,75340000000.0,8000000.0,440734836.0,2821000000.0,10704000000.0,6304000000.0,4129000000.0,-2153000000.0,4251000000.0,,6553000000.0,,1000000000.0,2579000000.0,1579000000.0,8125000000.0,,,294000000.0,2821000000.0,784000000.0,1579000000.0,2037000000.0,2002000000.0,4400000000.0,4694000000.0,2037000000.0,2037000000.0,1000000000.0,,,11176000000.0,38000000.0,189000000.0,,,2037000000.0,-1523000000.0,1206000000.0,,1250000000.0,1250000000.0,,343000000.0,343000000.0,,,,0.0,730000000.0,,-1875000000.0,
2014-09-30,868531000000.0,54150000000.0,54150000000.0,54150000000.0,325326000000.0,,338785000000.0,-9080000000.0,9080000000.0,4386000000.0,680000000.0,3706000000.0,172763000000.0,391000000.0,44190000000.0,172372000000.0,,786658000000.0,137185000000.0,,,130848000000.0,101935000000.0,172357000000.0,,222563000000.0,28913000000.0,172357000000.0,324498000000.0,-286486000000.0,291809000000.0,82275000000.0,57221000000.0,77227000000.0,9000000.0,435734150.0,3810000000.0,9635000000.0,5082000000.0,3013000000.0,-43000000.0,3552000000.0,,3853000000.0,,1049000000.0,2297000000.0,1248000000.0,7338000000.0,,,301000000.0,3305000000.0,1064000000.0,1248000000.0,2241000000.0,2193000000.0,4553000000.0,4854000000.0,2241000000.0,2241000000.0,2190000000.0,,,-17759000000.0,91000000.0,155000000.0,,13228000000.0,2241000000.0,-8906000000.0,9844000000.0,,1250000000.0,1250000000.0,,354000000.0,354000000.0,,,,0.0,-1250000000.0,,-2833000000.0,
2014-12-31,855842000000.0,57600000000.0,75025000000.0,57600000000.0,312248000000.0,,326112000000.0,-8980000000.0,8980000000.0,4160000000.0,515000000.0,3645000000.0,161082000000.0,360000000.0,179654000000.0,160722000000.0,,773045000000.0,123904000000.0,,,118334000000.0,60099000000.0,174820000000.0,,221431000000.0,25126000000.0,174551000000.0,314639000000.0,-273672000000.0,280913000000.0,82797000000.0,58468000000.0,78984000000.0,9000000.0,430259102.0,3042000000.0,8861000000.0,4478000000.0,4205000000.0,-386000000.0,3054000000.0,,3428000000.0,,961000000.0,2134000000.0,1173000000.0,6727000000.0,,,352000000.0,3210000000.0,1044000000.0,884000000.0,2166000000.0,2066000000.0,4383000000.0,4735000000.0,2166000000.0,17576000000.0,980000000.0,,,-14319000000.0,40000000.0,170000000.0,12328000000.0,27547000000.0,2166000000.0,-4318000000.0,2800000000.0,,1250000000.0,1250000000.0,,409000000.0,409000000.0,,,,0.0,-1250000000.0,,3141000000.0,
2015-03-31,865045000000.0,63129000000.0,63129000000.0,63129000000.0,325938000000.0,,340674000000.0,-8600000000.0,8600000000.0,4186000000.0,541000000.0,3645000000.0,167023000000.0,350000000.0,42323000000.0,166673000000.0,,780331000000.0,122568000000.0,,,115832000000.0,90221000000.0,173441000000.0,,219834000000.0,25611000000.0,173441000000.0,310055000000.0,-281988000000.0,276462000000.0,85127000000.0,59698000000.0,81455000000.0,9000000.0,432093034.0,4234000000.0,11793000000.0,6683000000.0,4663000000.0,-1260000000.0,5275000000.0,,5494000000.0,,859000000.0,2035000000.0,1176000000.0,9758000000.0,,,219000000.0,3934000000.0,1090000000.0,1142000000.0,2844000000.0,2816000000.0,5110000000.0,5329000000.0,2844000000.0,-10145000000.0,1770000000.0,,726000000.0,13266000000.0,43000000.0,302000000.0,5733000000.0,,2844000000.0,-4263000000.0,3073000000.0,,1250000000.0,1250000000.0,,373000000.0,373000000.0,,,,0.0,-1250000000.0,,5529000000.0,
2015-06-30,859454000000.0,60845000000.0,60845000000.0,60845000000.0,303463000000.0,,319516000000.0,-8230000000.0,8230000000.0,4166000000.0,521000000.0,3645000000.0,178265000000.0,287000000.0,35340000000.0,177978000000.0,,772225000000.0,93640000000.0,,,86378000000.0,58625000000.0,181964000000.0,,232240000000.0,27753000000.0,181964000000.0,290865000000.0,-264737000000.0,275576000000.0,87654000000.0,59940000000.0,82072000000.0,9000000.0,432768039.0,2059000000.0,10556000000.0,7343000000.0,3995000000.0,-2864000000.0,4658000000.0,,4923000000.0,,663000000.0,2150000000.0,1487000000.0,8406000000.0,,,265000000.0,1726000000.0,678000000.0,1487000000.0,1048000000.0,911000000.0,3213000000.0,3478000000.0,1048000000.0,1048000000.0,740000000.0,,-8505000000.0,-20406000000.0,27000000.0,396000000.0,,7140000000.0,1048000000.0,-7153000000.0,12720000000.0,,245000000.0,245000000.0,,431000000.0,431000000.0,,,,0.0,1748000000.0,,-2284000000.0,
2015-09-30,880559000000.0,65575000000.0,65575000000.0,65575000000.0,290487000000.0,,306602000000.0,-8300000000.0,8300000000.0,4168000000.0,516000000.0,3652000000.0,232082000000.0,276000000.0,58168000000.0,173315000000.0,,792856000000.0,83686000000.0,,,80167000000.0,55511000000.0,186859000000.0,,234137000000.0,24656000000.0,186859000000.0,289648000000.0,-278289000000.0,274062000000.0,87703000000.0,60992000000.0,83105000000.0,9000000.0,427904332.0,2343000000.0,8138000000.0,4815000000.0,2533000000.0,-1051000000.0,3172000000.0,,3394000000.0,,842000000.0,2119000000.0,1277000000.0,6019000000.0,,,222000000.0,2046000000.0,620000000.0,1277000000.0,1426000000.0,1423000000.0,3323000000.0,3545000000.0,1426000000.0,1426000000.0,1580000000.0,,1026000000.0,-11226000000.0,28000000.0,507000000.0,,18366000000.0,1426000000.0,-3331000000.0,6763000000.0,,1050000000.0,1050000000.0,,393000000.0,393000000.0,,,,0.0,-1050000000.0,,4730000000.0,
2015-12-31,861395000000.0,75110000000.0,93439000000.0,75110000000.0,293940000000.0,,308302000000.0,-7770000000.0,7770000000.0,4148000000.0,491000000.0,3657000000.0,172357000000.0,258000000.0,177743000000.0,172099000000.0,,774667000000.0,86007000000.0,,,82393000000.0,57020000000.0,185942000000.0,,60311000000.0,25373000000.0,185942000000.0,117331000000.0,-267382000000.0,262997000000.0,86728000000.0,62640000000.0,83386000000.0,9000000.0,419480736.0,1552000000.0,8721000000.0,6120000000.0,13450000000.0,-1653000000.0,2920000000.0,,3205000000.0,,700000000.0,2148000000.0,1448000000.0,6573000000.0,,,285000000.0,1072000000.0,307000000.0,1448000000.0,-39858000000.0,958000000.0,2520000000.0,2805000000.0,765000000.0,-54196000000.0,730000000.0,,-10082000000.0,3894000000.0,34000000.0,628000000.0,,14472000000.0,-39858000000.0,-3827000000.0,6562000000.0,,1590000000.0,1590000000.0,,484000000.0,484000000.0,,,,0.0,-1590000000.0,,10439000000.0,
2016-03-31,878036000000.0,79169000000.0,97951000000.0,79169000000.0,286902000000.0,,301887000000.0,-7950000000.0,7950000000.0,4136000000.0,477000000.0,3659000000.0,241511000000.0,237000000.0,58287000000.0,180603000000.0,,791199000000.0,94945000000.0,,,90518000000.0,61840000000.0,191185000000.0,,242526000000.0,28678000000.0,191185000000.0,304366000000.0,-272778000000.0,264634000000.0,86837000000.0,64178000000.0,83990000000.0,9000000.0,417572204.0,2144000000.0,7803000000.0,4663000000.0,2845000000.0,-1541000000.0,3446000000.0,,3685000000.0,,883000000.0,2348000000.0,1465000000.0,5455000000.0,,,239000000.0,1576000000.0,441000000.0,1465000000.0,1135000000.0,1070000000.0,3041000000.0,3280000000.0,1135000000.0,17077000000.0,2250000000.0,,11697000000.0,-9599000000.0,47000000.0,573000000.0,,9599000000.0,1135000000.0,-3140000000.0,11136000000.0,,1556000000.0,1556000000.0,,387000000.0,387000000.0,,,,655000000.0,-901000000.0,,4512000000.0,
2016-06-30,896843000000.0,103293000000.0,122516000000.0,103293000000.0,279992000000.0,,295112000000.0,-7980000000.0,7980000000.0,4145000000.0,476000000.0,3669000000.0,253785000000.0,224000000.0,64620000000.0,190615000000.0,,810329000000.0,88528000000.0,,,84556000000.0,59519000000.0,192596000000.0,,239465000000.0,25037000000.0,192596000000.0,298984000000.0,-277455000000.0,255452000000.0,86514000000.0,65921000000.0,85339000000.0,9000000.0,406591645.0,2843000000.0,9708000000.0,5469000000.0,3512000000.0,-1522000000.0,4120000000.0,,4365000000.0,,754000000.0,2530000000.0,1776000000.0,7178000000.0,,,245000000.0,2463000000.0,641000000.0,1776000000.0,1822000000.0,1749000000.0,4239000000.0,4484000000.0,1822000000.0,1822000000.0,1220000000.0,,-3931000000.0,-8185000000.0,32000000.0,669000000.0,,17784000000.0,1822000000.0,15955000000.0,-1436000000.0,,1738000000.0,1738000000.0,,473000000.0,473000000.0,,,,0.0,-1738000000.0,,24565000000.0,
2016-09-30,879987000000.0,99535000000.0,118003000000.0,99535000000.0,292420000000.0,,308084000000.0,-8160000000.0,8160000000.0,4104000000.0,435000000.0,3669000000.0,240425000000.0,213000000.0,54526000000.0,185468000000.0,,792877000000.0,89557000000.0,,,84301000000.0,58013000000.0,197876000000.0,,246076000000.0,26288000000.0,197876000000.0,304089000000.0,-262500000000.0,245520000000.0,87110000000.0,67195000000.0,87160000000.0,9000000.0,399211902.0,3227000000.0,9943000000.0,5300000000.0,3452000000.0,-1058000000.0,4038000000.0,,4285000000.0,,614000000.0,2389000000.0,1775000000.0,7554000000.0,,,247000000.0,2868000000.0,774000000.0,1775000000.0,2094000000.0,2063000000.0,4643000000.0,4890000000.0,2094000000.0,2094000000.0,1930000000.0,,-7795000000.0,12398000000.0,37000000.0,821000000.0,,5386000000.0,2094000000.0,-1513000000.0,1655000000.0,,1296000000.0,1296000000.0,,378000000.0,378000000.0,,,,648000000.0,-648000000.0,,-4513000000.0,
2016-12-31,860165000000.0,121711000000.0,121711000000.0,121711000000.0,295952000000.0,,312336000000.0,-7680000000.0,7680000000.0,4095000000.0,429000000.0,3666000000.0,238491000000.0,219000000.0,116925000000.0,184600000000.0,,773272000000.0,106905000000.0,,,99381000000.0,75853000000.0,197491000000.0,,242241000000.0,23528000000.0,197491000000.0,318094000000.0,-240838000000.0,242586000000.0,86893000000.0,68694000000.0,89039000000.0,9000000.0,392632230.0,3599000000.0,10440000000.0,4748000000.0,12435000000.0,-287000000.0,3223000000.0,,3886000000.0,,336000000.0,2424000000.0,2088000000.0,8016000000.0,,,267000000.0,3397000000.0,1050000000.0,2091000000.0,2347000000.0,1713000000.0,5485000000.0,5752000000.0,2347000000.0,-4739000000.0,1740000000.0,,1989000000.0,-9867000000.0,46000000.0,813000000.0,,15253000000.0,2347000000.0,-1627000000.0,748000000.0,,1488000000.0,1488000000.0,,468000000.0,468000000.0,,,,0.0,-1488000000.0,,3708000000.0,
2017-03-31,894069000000.0,123035000000.0,123035000000.0,123035000000.0,308871000000.0,,326531000000.0,-7920000000.0,7920000000.0,4067000000.0,403000000.0,3664000000.0,232861000000.0,221000000.0,117278000000.0,187446000000.0,,807152000000.0,122484000000.0,,,112786000000.0,92382000000.0,210497000000.0,,251795000000.0,20404000000.0,210497000000.0,344177000000.0,-243379000000.0,251521000000.0,86917000000.0,70169000000.0,90904000000.0,9000000.0,394791563.0,3030000000.0,10256000000.0,5435000000.0,3467000000.0,-1326000000.0,4099000000.0,,4356000000.0,,516000000.0,2746000000.0,2230000000.0,7510000000.0,,,257000000.0,2539000000.0,284000000.0,2230000000.0,2255000000.0,2101000000.0,4769000000.0,5026000000.0,2255000000.0,-15928000000.0,2310000000.0,,-1216000000.0,13634000000.0,41000000.0,838000000.0,,,2255000000.0,-1573000000.0,6261000000.0,,1503000000.0,1503000000.0,,366000000.0,366000000.0,,,,0.0,-1503000000.0,,1324000000.0,
2017-06-30,906518000000.0,110888000000.0,110888000000.0,110888000000.0,327740000000.0,,346040000000.0,-8210000000.0,8210000000.0,4080000000.0,412000000.0,3668000000.0,227994000000.0,242000000.0,115553000000.0,178301000000.0,,819843000000.0,125688000000.0,,,113683000000.0,87672000000.0,215993000000.0,,261664000000.0,26011000000.0,215993000000.0,349336000000.0,-252615000000.0,256652000000.0,86675000000.0,71642000000.0,92225000000.0,9000000.0,388213152.0,3011000000.0,10319000000.0,5378000000.0,3423000000.0,-1346000000.0,4092000000.0,,4357000000.0,,788000000.0,3220000000.0,2432000000.0,7099000000.0,,,265000000.0,2509000000.0,678000000.0,2432000000.0,1831000000.0,1586000000.0,4941000000.0,5206000000.0,1831000000.0,1922000000.0,3970000000.0,,1688000000.0,18006000000.0,29000000.0,683000000.0,,472000000.0,1831000000.0,-5133000000.0,3719000000.0,,1466000000.0,1466000000.0,,510000000.0,510000000.0,,,,0.0,-1466000000.0,,-12147000000.0,
2017-09-30,930132000000.0,116610000000.0,116610000000.0,116610000000.0,333474000000.0,,352337000000.0,-8460000000.0,8460000000.0,4058000000.0,393000000.0,3665000000.0,241355000000.0,242000000.0,112532000000.0,188394000000.0,,843840000000.0,130677000000.0,,,117517000000.0,90256000000.0,223707000000.0,,270748000000.0,27261000000.0,223707000000.0,361004000000.0,-259227000000.0,260342000000.0,86292000000.0,73811000000.0,93958000000.0,9000000.0,379098583.0,3542000000.0,11007000000.0,5350000000.0,3349000000.0,-733000000.0,3995000000.0,,4275000000.0,,730000000.0,3411000000.0,2681000000.0,7596000000.0,,,280000000.0,2976000000.0,848000000.0,2681000000.0,2128000000.0,2027000000.0,5657000000.0,5937000000.0,2128000000.0,2713000000.0,5830000000.0,,-2902000000.0,3364000000.0,33000000.0,689000000.0,,,2128000000.0,-11123000000.0,14132000000.0,,2174000000.0,2174000000.0,,395000000.0,395000000.0,,,,0.0,-2174000000.0,,5722000000.0,
2017-12-31,916776000000.0,110051000000.0,110051000000.0,110051000000.0,315988000000.0,,89638000000.0,-8280000000.0,8280000000.0,4038000000.0,373000000.0,3665000000.0,248536000000.0,275000000.0,120822000000.0,190848000000.0,,834533000000.0,133460000000.0,,,118667000000.0,88577000000.0,227579000000.0,,276982000000.0,30090000000.0,227579000000.0,365559000000.0,-239987000000.0,260492000000.0,82243000000.0,75392000000.0,91519000000.0,9000000.0,374808805.0,4220000000.0,11329000000.0,4468000000.0,12586000000.0,559000000.0,3123000000.0,,3661000000.0,,898000000.0,3736000000.0,2838000000.0,7593000000.0,,,350000000.0,3108000000.0,5036000000.0,2832000000.0,-1928000000.0,-2092000000.0,5946000000.0,6296000000.0,-1928000000.0,-9105000000.0,-940000000.0,,-2866000000.0,-23677000000.0,47000000.0,975000000.0,,,-1928000000.0,-8548000000.0,11094000000.0,,1629000000.0,2479000000.0,,498000000.0,498000000.0,,,,0.0,-984000000.0,,-6559000000.0,
2018-03-31,973535000000.0,120503000000.0,120503000000.0,120503000000.0,336879000000.0,,356705000000.0,-8610000000.0,8610000000.0,4049000000.0,342000000.0,3707000000.0,238852000000.0,279000000.0,-121000000.0,177567000000.0,,889956000000.0,142929000000.0,,,126446000000.0,98312000000.0,236673000000.0,,282360000000.0,28134000000.0,236673000000.0,380672000000.0,-254734000000.0,278886000000.0,83579000000.0,76177000000.0,93907000000.0,9000000.0,377706096.0,4270000000.0,13392000000.0,6560000000.0,4309000000.0,-1077000000.0,5048000000.0,,5347000000.0,,918000000.0,4230000000.0,3312000000.0,9162000000.0,,,299000000.0,3419000000.0,587000000.0,3312000000.0,2832000000.0,2942000000.0,6731000000.0,7030000000.0,2832000000.0,-964000000.0,3550000000.0,,12165000000.0,19708000000.0,45000000.0,1563000000.0,,,2832000000.0,-9213000000.0,20629000000.0,,800000000.0,1450000000.0,650000000.0,376000000.0,376000000.0,,,,0.0,-1450000000.0,,10452000000.0,
2018-06-30,968610000000.0,131417000000.0,131417000000.0,131417000000.0,347959000000.0,,91586000000.0,-8730000000.0,8730000000.0,4106000000.0,349000000.0,3757000000.0,320191000000.0,96210000000.0,598476000000.0,162825000000.0,,882011000000.0,139195000000.0,,,122895000000.0,96946000000.0,239387000000.0,,282387000000.0,25949000000.0,239387000000.0,379333000000.0,-251353000000.0,265920000000.0,86599000000.0,76177000000.0,95941000000.0,9000000.0,377879137.0,4937000000.0,13554000000.0,6126000000.0,3663000000.0,3663000000.0,939000000.0,,1274000000.0,,1002000000.0,4920000000.0,3918000000.0,8634000000.0,,,335000000.0,3276000000.0,711000000.0,3918000000.0,2565000000.0,3377000000.0,7194000000.0,7529000000.0,2565000000.0,8598000000.0,4070000000.0,,-11520000000.0,12022000000.0,40000000.0,2188000000.0,,645000000.0,2565000000.0,-3590000000.0,5906000000.0,,0.0,0.0,0.0,531000000.0,531000000.0,,,,0.0,0.0,,10914000000.0,
2018-09-30,957190000000.0,118871000000.0,118871000000.0,118871000000.0,351028000000.0,,93381000000.0,-8910000000.0,8910000000.0,4101000000.0,347000000.0,3754000000.0,312349000000.0,98190000000.0,603688000000.0,154891000000.0,,870428000000.0,128609000000.0,,,112408000000.0,90082000000.0,242132000000.0,,281245000000.0,22326000000.0,242132000000.0,371327000000.0,-245442000000.0,256870000000.0,86762000000.0,77422000000.0,98083000000.0,9000000.0,372739352.0,4646000000.0,13025000000.0,5568000000.0,3294000000.0,3399000000.0,930000000.0,,1247000000.0,,856000000.0,5061000000.0,4205000000.0,7964000000.0,,,317000000.0,3078000000.0,554000000.0,4205000000.0,2524000000.0,1643000000.0,7283000000.0,7600000000.0,2524000000.0,-5314000000.0,4510000000.0,,212000000.0,5017000000.0,33000000.0,2196000000.0,,,2524000000.0,-4032000000.0,-3200000000.0,,1244000000.0,1244000000.0,0.0,382000000.0,382000000.0,,,,0.0,-1244000000.0,,-12546000000.0,
2018-12-31,931796000000.0,130547000000.0,130547000000.0,130547000000.0,336000000000.0,,85222000000.0,-9080000000.0,9080000000.0,4082000000.0,324000000.0,3758000000.0,47224000000.0,90220000000.0,33547000000.0,135285000000.0,,841611000000.0,120125000000.0,,,108317000000.0,80841000000.0,236027000000.0,,280631000000.0,27476000000.0,236027000000.0,264651000000.0,-230292000000.0,425964000000.0,90185000000.0,78670000000.0,100100000000.0,9000000.0,367741973.0,2872000000.0,12557000000.0,6274000000.0,13137000000.0,375000000.0,1276000000.0,,2497000000.0,,991000000.0,5468000000.0,4477000000.0,7089000000.0,,,377000000.0,2708000000.0,170000000.0,4477000000.0,2538000000.0,5070000000.0,7185000000.0,7562000000.0,2538000000.0,14244000000.0,4590000000.0,,-4527000000.0,-13366000000.0,34000000.0,2035000000.0,,,2538000000.0,-1985000000.0,-583000000.0,,1250000000.0,1250000000.0,0.0,521000000.0,521000000.0,,,,0.0,-1250000000.0,,11676000000.0,
2019-03-31,925349000000.0,87884000000.0,87884000000.0,87884000000.0,,,85932000000.0,-9400000000.0,9400000000.0,4092000000.0,332000000.0,3760000000.0,295197000000.0,91240000000.0,601803000000.0,147950000000.0,,835076000000.0,114971000000.0,,,102372000000.0,72757000000.0,237275000000.0,2413000000.0,284429000000.0,29615000000.0,237275000000.0,357186000000.0,-233376000000.0,414119000000.0,90273000000.0,79915000000.0,101988000000.0,9000000.0,366771581.0,4067000000.0,13186000000.0,6088000000.0,3484000000.0,2706000000.0,993000000.0,,1361000000.0,,1218000000.0,5597000000.0,4379000000.0,7589000000.0,,,368000000.0,2719000000.0,468000000.0,4379000000.0,2251000000.0,945000000.0,7098000000.0,7466000000.0,2251000000.0,-44368000000.0,4372000000.0,,-7888000000.0,29502000000.0,43000000.0,2128000000.0,,,2251000000.0,-2139000000.0,3844000000.0,,1250000000.0,1250000000.0,0.0,375000000.0,375000000.0,,,,0.0,-1250000000.0,,-42663000000.0,
2019-06-30,944903000000.0,91092000000.0,91092000000.0,91092000000.0,,,87794000000.0,-9650000000.0,9650000000.0,4114000000.0,342000000.0,3772000000.0,288087000000.0,93330000000.0,602920000000.0,138458000000.0,,854011000000.0,119161000000.0,,,105638000000.0,73378000000.0,231723000000.0,2382000000.0,282432000000.0,32260000000.0,231723000000.0,355810000000.0,-242423000000.0,434897000000.0,90892000000.0,81167000000.0,103867000000.0,9000000.0,360539618.0,4671000000.0,14150000000.0,6334000000.0,5512000000.0,3260000000.0,1012000000.0,,1411000000.0,,1071000000.0,5760000000.0,4689000000.0,8390000000.0,,,399000000.0,3127000000.0,706000000.0,4689000000.0,2421000000.0,2219000000.0,7816000000.0,8215000000.0,2421000000.0,8631000000.0,4580000000.0,,10170000000.0,5600000000.0,39000000.0,2040000000.0,,,2421000000.0,807000000.0,-6230000000.0,,1250000000.0,1250000000.0,0.0,535000000.0,535000000.0,,,,0.0,-751000000.0,,3208000000.0,
2019-09-30,1007320000000.0,94094000000.0,94094000000.0,94094000000.0,,,91669000000.0,-9940000000.0,9940000000.0,4886000000.0,690000000.0,4196000000.0,395564000000.0,94360000000.0,653785000000.0,140369000000.0,,915308000000.0,158969000000.0,,,145712000000.0,111472000000.0,228723000000.0,2383000000.0,282276000000.0,34240000000.0,228723000000.0,393748000000.0,-245371000000.0,485374000000.0,92012000000.0,81841000000.0,105194000000.0,9000000.0,357509026.0,3800000000.0,12774000000.0,5907000000.0,2983000000.0,2273000000.0,1054000000.0,,1527000000.0,,1008000000.0,5459000000.0,4451000000.0,7315000000.0,,,473000000.0,2416000000.0,539000000.0,4451000000.0,1877000000.0,2208000000.0,6867000000.0,7340000000.0,1877000000.0,9774000000.0,5180000000.0,,5306000000.0,37748000000.0,52000000.0,2229000000.0,,,1877000000.0,-19584000000.0,12812000000.0,,673000000.0,1173000000.0,500000000.0,550000000.0,550000000.0,,,,0.0,-1173000000.0,,3002000000.0,
2019-12-31,992968000000.0,172279000000.0,133546000000.0,172279000000.0,,,92927000000.0,-9950000000.0,9950000000.0,4837000000.0,641000000.0,4196000000.0,63937000000.0,95680000000.0,38733000000.0,136071000000.0,,902703000000.0,165214000000.0,,,150229000000.0,119593000000.0,237337000000.0,2385000000.0,267973000000.0,30636000000.0,43661000000.0,255363000000.0,-230428000000.0,362511000000.0,90265000000.0,84006000000.0,106465000000.0,9000000.0,347343184.0,3331000000.0,13812000000.0,7634000000.0,13382000000.0,435000000.0,1192000000.0,,2896000000.0,,1065000000.0,4922000000.0,3857000000.0,8890000000.0,,,464000000.0,2321000000.0,404000000.0,3837000000.0,1917000000.0,917000000.0,6178000000.0,6642000000.0,1917000000.0,49831000000.0,4513000000.0,,,-71392000000.0,39000000.0,2046000000.0,,,1917000000.0,-3320000000.0,-7059000000.0,,2162000000.0,2762000000.0,600000000.0,644000000.0,644000000.0,,,,599000000.0,-2163000000.0,,39452000000.0,
2020-03-31,1089756000000.0,149855000000.0,105489000000.0,149855000000.0,,,93454000000.0,-9230000000.0,9230000000.0,4810000000.0,614000000.0,4196000000.0,68694000000.0,95590000000.0,44366000000.0,121670000000.0,,997377000000.0,134246000000.0,,,120377000000.0,97845000000.0,259274000000.0,2289000000.0,281806000000.0,22532000000.0,43313000000.0,262624000000.0,-274422000000.0,364484000000.0,92379000000.0,85929000000.0,106501000000.0,9000000.0,343856654.0,2082000000.0,12180000000.0,7395000000.0,3473000000.0,586000000.0,1059000000.0,,1496000000.0,,1313000000.0,4750000000.0,3437000000.0,7430000000.0,,,437000000.0,1348000000.0,135000000.0,3436000000.0,1213000000.0,4634000000.0,4785000000.0,5222000000.0,1213000000.0,-53031000000.0,4041000000.0,,,-2624000000.0,41000000.0,2843000000.0,,,1213000000.0,-32336000000.0,57310000000.0,,1928000000.0,2278000000.0,350000000.0,538000000.0,538000000.0,,,,349000000.0,-2278000000.0,,-28057000000.0,
2020-06-30,1141523000000.0,152449000000.0,132599000000.0,152449000000.0,,,95627000000.0,-9620000000.0,9620000000.0,4792000000.0,596000000.0,4196000000.0,76621000000.0,98140000000.0,19850000000.0,142806000000.0,,1051494000000.0,130832000000.0,,,114272000000.0,90283000000.0,256961000000.0,2325000000.0,280950000000.0,23989000000.0,44400000000.0,266891000000.0,-255775000000.0,355566000000.0,90029000000.0,85930000000.0,106248000000.0,9000000.0,343935256.0,808000000.0,15385000000.0,12004000000.0,4711000000.0,-669000000.0,978000000.0,,1477000000.0,,944000000.0,3034000000.0,2090000000.0,12351000000.0,,,499000000.0,1291000000.0,918000000.0,2090000000.0,373000000.0,-1905000000.0,3381000000.0,3880000000.0,373000000.0,-11647000000.0,1814000000.0,,,598000000.0,36000000.0,1065000000.0,,,-2799000000.0,3907000000.0,34850000000.0,,0.0,0.0,0.0,626000000.0,626000000.0,,,,0.0,0.0,,373000000.0,
2020-09-30,1132059000000.0,172303000000.0,153201000000.0,172303000000.0,,,96713000000.0,-10040000000.0,10040000000.0,4965000000.0,632000000.0,4333000000.0,80792000000.0,99520000000.0,19102000000.0,34794000000.0,,1039409000000.0,148530000000.0,,,131242000000.0,104409000000.0,247653000000.0,2268000000.0,274486000000.0,26833000000.0,47880000000.0,261964000000.0,-247113000000.0,359829000000.0,92650000000.0,85930000000.0,109033000000.0,9000000.0,344070790.0,5080000000.0,12629000000.0,6482000000.0,3352000000.0,3669000000.0,943000000.0,,1411000000.0,,1084000000.0,2932000000.0,1848000000.0,9697000000.0,,,468000000.0,4299000000.0,932000000.0,1848000000.0,3367000000.0,3073000000.0,6147000000.0,6615000000.0,3367000000.0,34936000000.0,1793000000.0,,,-238000000.0,40000000.0,998000000.0,,,-3367000000.0,2996000000.0,-17330000000.0,,0.0,0.0,0.0,580000000.0,580000000.0,,,,0.0,0.0,,3367000000.0,
2020-12-31,1163028000000.0,175623000000.0,155842000000.0,175623000000.0,,,100922000000.0,-10120000000.0,10120000000.0,4962000000.0,630000000.0,4332000000.0,88445000000.0,103800000000.0,19781000000.0,-128913000000.0,,1067096000000.0,182239000000.0,,,160618000000.0,134704000000.0,245977000000.0,2283000000.0,271891000000.0,25914000000.0,40911000000.0,266351000000.0,-256746000000.0,392550000000.0,95932000000.0,85940000000.0,112947000000.0,9000000.0,344088725.0,6401000000.0,13304000000.0,6200000000.0,14269000000.0,4698000000.0,1034000000.0,,1703000000.0,,1410000000.0,2973000000.0,1563000000.0,10331000000.0,,,498000000.0,5541000000.0,1035000000.0,1563000000.0,4506000000.0,3707000000.0,7104000000.0,7602000000.0,4506000000.0,11207000000.0,1443000000.0,,,444000000.0,30000000.0,1403000000.0,,,14412000000.0,-8923000000.0,-4450000000.0,,0.0,0.0,0.0,592000000.0,592000000.0,,,,0.0,349000000.0,,2641000000.0,
2021-03-31,1301548000000.0,210597000000.0,191155000000.0,210597000000.0,,,102997000000.0,-10300000000.0,10300000000.0,4907000000.0,575000000.0,4332000000.0,88016000000.0,106060000000.0,19442000000.0,514604000000.0,,1203884000000.0,201823000000.0,,,167478000000.0,140722000000.0,231498000000.0,2319000000.0,276327000000.0,26756000000.0,39902000000.0,277507000000.0,-297945000000.0,436002000000.0,97664000000.0,88632000000.0,119210000000.0,9000000.0,340018220.0,9798000000.0,19276000000.0,9367000000.0,6290000000.0,8238000000.0,1062000000.0,,1560000000.0,,1482000000.0,3054000000.0,1572000000.0,16222000000.0,,,498000000.0,8337000000.0,1501000000.0,1572000000.0,6836000000.0,6196000000.0,9909000000.0,10407000000.0,6836000000.0,-5183000000.0,1896000000.0,,,656000000.0,36000000.0,1312000000.0,,,6836000000.0,-2487000000.0,42983000000.0,,2700000000.0,4700000000.0,2000000000.0,551000000.0,551000000.0,,,,0.0,-4700000000.0,,35313000000.0,
2021-06-30,1387922000000.0,261334000000.0,240289000000.0,261334000000.0,,,107675000000.0,-10580000000.0,10580000000.0,4855000000.0,523000000.0,4332000000.0,90727000000.0,111100000000.0,21045000000.0,546740000000.0,,1286032000000.0,228739000000.0,,,190582000000.0,164505000000.0,251115000000.0,2291000000.0,295910000000.0,26077000000.0,44396000000.0,300670000000.0,-315885000000.0,476077000000.0,101890000000.0,89633000000.0,124051000000.0,9000000.0,337276277.0,8144000000.0,16698000000.0,8548000000.0,5504000000.0,6553000000.0,1071000000.0,,1591000000.0,,1629000000.0,2939000000.0,1310000000.0,13759000000.0,,,520000000.0,6840000000.0,1354000000.0,1310000000.0,5486000000.0,5671000000.0,8150000000.0,8670000000.0,5486000000.0,20467000000.0,1127000000.0,,,-1091000000.0,31000000.0,1353000000.0,,,5486000000.0,-9221000000.0,37888000000.0,,1000000000.0,1675000000.0,675000000.0,560000000.0,560000000.0,,,,675000000.0,-1000000000.0,,5486000000.0,
2021-09-30,1443230000000.0,231169000000.0,211830000000.0,231169000000.0,,,111311000000.0,-10730000000.0,10730000000.0,4823000000.0,497000000.0,4326000000.0,86708000000.0,114930000000.0,19339000000.0,614940000000.0,,1336933000000.0,236239000000.0,,,194705000000.0,174074000000.0,252365000000.0,2283000000.0,291463000000.0,20631000000.0,47880000000.0,291770000000.0,-311210000000.0,495627000000.0,106297000000.0,90634000000.0,128631000000.0,9000000.0,334792980.0,7926000000.0,15161000000.0,6766000000.0,3406000000.0,6183000000.0,1234000000.0,,1743000000.0,,1564000000.0,3117000000.0,1553000000.0,12044000000.0,,,509000000.0,6842000000.0,1464000000.0,1553000000.0,5378000000.0,5311000000.0,8395000000.0,8904000000.0,5378000000.0,-39260000000.0,1371000000.0,,,2215000000.0,22000000.0,883000000.0,,,-30022000000.0,-4819000000.0,15620000000.0,,1000000000.0,1000000000.0,0.0,792000000.0,792000000.0,,,,748000000.0,-252000000.0,,5378000000.0,
2021-12-31,1463988000000.0,279973000000.0,261036000000.0,279973000000.0,,,115085000000.0,-10810000000.0,10810000000.0,4703000000.0,418000000.0,4285000000.0,88719000000.0,118900000000.0,18937000000.0,-160964000000.0,,1354062000000.0,239270000000.0,,0.0,192765000000.0,174647000000.0,263466000000.0,2288000000.0,298476000000.0,18118000000.0,52390000000.0,301047000000.0,9056000000.0,489270000000.0,109926000000.0,91136000000.0,131811000000.0,9000000.0,333573254.0,5938000000.0,13854000000.0,7614000000.0,18700000000.0,4062000000.0,1388000000.0,,1876000000.0,,1795000000.0,3010000000.0,1215000000.0,10844000000.0,,,488000000.0,5025000000.0,1090000000.0,1215000000.0,3935000000.0,3823000000.0,6240000000.0,6728000000.0,3935000000.0,30274000000.0,1127000000.0,,,3776000000.0,31000000.0,1119000000.0,,,39335000000.0,-13938000000.0,38247000000.0,,500000000.0,500000000.0,0.0,822000000.0,822000000.0,,,,749000000.0,249000000.0,,49206000000.0,
2022-03-31,1589441000000.0,291449000000.0,274164000000.0,291449000000.0,,,121493000000.0,-11200000000.0,11200000000.0,6481000000.0,1209000000.0,5272000000.0,92084000000.0,123940000000.0,17285000000.0,-174836000000.0,,1474202000000.0,244051000000.0,,,200276000000.0,176268000000.0,267265000000.0,2261000000.0,306612000000.0,24008000000.0,58348000000.0,316468000000.0,9706000000.0,533488000000.0,115239000000.0,91623000000.0,134931000000.0,9000000.0,343396311.0,5491000000.0,14318000000.0,8277000000.0,4334000000.0,3725000000.0,1274000000.0,,1766000000.0,,1827000000.0,3212000000.0,1385000000.0,11106000000.0,,,492000000.0,4656000000.0,717000000.0,1385000000.0,3939000000.0,3323000000.0,6041000000.0,6533000000.0,3939000000.0,-19534000000.0,1299000000.0,,,-2702000000.0,19000000.0,953000000.0,,,3939000000.0,-17021000000.0,53101000000.0,,500000000.0,500000000.0,0.0,815000000.0,815000000.0,,,,0.0,-500000000.0,,13128000000.0,
2022-06-30,1601224000000.0,303755000000.0,288606000000.0,303755000000.0,-1332434000000.0,,126708000000.0,-11550000000.0,11550000000.0,8210000000.0,2014000000.0,6196000000.0,114775000000.0,127880000000.0,15149000000.0,993792000000.0,,1483353000000.0,249848000000.0,,,211594000000.0,185302000000.0,258966000000.0,2160000000.0,299274000000.0,26292000000.0,62238000000.0,308059000000.0,-332102000000.0,530866000000.0,117871000000.0,92123000000.0,136998000000.0,9000000.0,341963005.0,4651000000.0,14981000000.0,8320000000.0,3954000000.0,2653000000.0,1428000000.0,,1998000000.0,,1734000000.0,4851000000.0,3117000000.0,10130000000.0,,,570000000.0,3544000000.0,617000000.0,3117000000.0,2927000000.0,3657000000.0,6661000000.0,7231000000.0,2927000000.0,45394000000.0,2439000000.0,,,-342000000.0,51000000.0,1051000000.0,,,2927000000.0,-38488000000.0,14456000000.0,,500000000.0,500000000.0,0.0,857000000.0,857000000.0,,,,0.0,-500000000.0,,14442000000.0,
2022-09-30,1555994000000.0,299610000000.0,284251000000.0,299610000000.0,-1229158000000.0,,130438000000.0,-11870000000.0,11870000000.0,8251000000.0,1963000000.0,6288000000.0,126963000000.0,131990000000.0,15359000000.0,939668000000.0,,1436704000000.0,239040000000.0,,145000000.0,195218000000.0,166912000000.0,247641000000.0,2057000000.0,288744000000.0,28306000000.0,65358000000.0,291815000000.0,7226000000.0,510876000000.0,119290000000.0,93127000000.0,139067000000.0,9000000.0,339103013.0,5738000000.0,18482000000.0,8219000000.0,3861000000.0,3694000000.0,1378000000.0,,2044000000.0,578000000.0,2043000000.0,8550000000.0,6507000000.0,9932000000.0,,,666000000.0,3756000000.0,687000000.0,6507000000.0,3069000000.0,3151000000.0,10263000000.0,10929000000.0,3069000000.0,16010000000.0,6144000000.0,,,1003000000.0,54000000.0,990000000.0,,,3069000000.0,-14159000000.0,1621000000.0,,1000000000.0,1000000000.0,0.0,997000000.0,997000000.0,,,,0.0,-1000000000.0,,-4355000000.0,
2022-12-31,1441799000000.0,256717000000.0,241825000000.0,256717000000.0,-1190082000000.0,,132955000000.0,17074000000.0,12190000000.0,8383000000.0,2009000000.0,6374000000.0,130629000000.0,134590000000.0,14892000000.0,859095000000.0,,1324610000000.0,183654000000.0,,113000000.0,152927000000.0,60961000000.0,254245000000.0,2154000000.0,247138000000.0,38635000000.0,73147000000.0,308099000000.0,6845000000.0,454810000000.0,117189000000.0,94631000000.0,139372000000.0,9000000.0,334918639.0,3903000000.0,20930000000.0,9063000000.0,16174000000.0,1723000000.0,1453000000.0,,2180000000.0,766000000.0,2074000000.0,12411000000.0,10337000000.0,8519000000.0,,,727000000.0,1530000000.0,204000000.0,10337000000.0,1326000000.0,188000000.0,11867000000.0,12594000000.0,1326000000.0,-33162000000.0,9140000000.0,,-40349000000.0,-1120000000.0,50000000.0,754000000.0,,,1326000000.0,-6292000000.0,-9576000000.0,,1500000000.0,1500000000.0,0.0,1013000000.0,1013000000.0,,,15203000000.0,0.0,-1500000000.0,,-30865000000.0,
2023-03-31,1538349000000.0,243926000000.0,229327000000.0,243926000000.0,-1392755000000.0,,133002000000.0,-12880000000.0,12880000000.0,8404000000.0,1965000000.0,6439000000.0,131790000000.0,135330000000.0,14599000000.0,965755000000.0,,1420840000000.0,286645000000.0,,130000000.0,240326000000.0,203257000000.0,247826000000.0,2129000000.0,298205000000.0,37069000000.0,74888000000.0,305397000000.0,-331000000000.0,545553000000.0,117509000000.0,97159000000.0,141591000000.0,9000000.0,332884318.0,8232000000.0,25381000000.0,8231000000.0,4355000000.0,5976000000.0,1286000000.0,,2256000000.0,817000000.0,1781000000.0,14938000000.0,13157000000.0,10443000000.0,,,970000000.0,3993000000.0,759000000.0,13157000000.0,3234000000.0,3643000000.0,17150000000.0,18120000000.0,3234000000.0,9404000000.0,13082000000.0,,2172000000.0,-1236000000.0,52000000.0,597000000.0,,,3234000000.0,-1978000000.0,-20544000000.0,,2546000000.0,2546000000.0,0.0,1013000000.0,1013000000.0,,,0.0,0.0,-2546000000.0,,-13118000000.0,
2023-06-30,1571386000000.0,284689000000.0,270931000000.0,284689000000.0,-955100000000.0,,129655000000.0,-13650000000.0,13650000000.0,7863000000.0,1921000000.0,5942000000.0,137571000000.0,133310000000.0,13758000000.0,955100000000.0,,1454893000000.0,319536000000.0,,128000000.0,271533000000.0,225770000000.0,236915000000.0,2113000000.0,295484000000.0,45763000000.0,74312000000.0,300869000000.0,-328000000000.0,569453000000.0,116493000000.0,97917000000.0,141798000000.0,9000000.0,330811807.0,5444000000.0,26047000000.0,9159000000.0,3872000000.0,2577000000.0,1273000000.0,,2867000000.0,911000000.0,1684000000.0,16836000000.0,15152000000.0,9211000000.0,,,1594000000.0,1736000000.0,520000000.0,15152000000.0,1216000000.0,580000000.0,16888000000.0,18482000000.0,1216000000.0,31901000000.0,14495000000.0,,-184000000.0,868000000.0,48000000.0,666000000.0,,,1216000000.0,-3959000000.0,13886000000.0,,750000000.0,750000000.0,0.0,1012000000.0,1012000000.0,,,0.0,0.0,-750000000.0,,41828000000.0,
2023-09-30,1577153000000.0,253621000000.0,239879000000.0,253621000000.0,-984778000000.0,,157577000000.0,13138000000.0,13820000000.0,7254000000.0,1341000000.0,5913000000.0,145530000000.0,133600000000.0,13742000000.0,984778000000.0,,1459876000000.0,331581000000.0,,112000000.0,276655000000.0,229279000000.0,230070000000.0,2222000000.0,289341000000.0,47376000000.0,73916000000.0,294033000000.0,-323000000000.0,,117277000000.0,99429000000.0,142743000000.0,9000000.0,326604718.0,7517000000.0,28527000000.0,9061000000.0,4455000000.0,4757000000.0,1248000000.0,,2760000000.0,1001000000.0,1547000000.0,18257000000.0,16710000000.0,10270000000.0,,,1512000000.0,2756000000.0,698000000.0,16710000000.0,2058000000.0,2696000000.0,19466000000.0,20978000000.0,2058000000.0,-25534000000.0,15609000000.0,,-334000000.0,146992000000.0,554000000.0,507000000.0,,,2058000000.0,-8033000000.0,6442000000.0,,1500000000.0,2500000000.0,0.0,1099000000.0,1099000000.0,,,0.0,0.0,-1004000000.0,,,
2023-12-31,1641594000000.0,255324000000.0,241577000000.0,255324000000.0,-390577000000.0,,155388000000.0,11244000000.0,13640000000.0,7093000000.0,1177000000.0,5916000000.0,146839000000.0,133750000000.0,13747000000.0,1041802000000.0,,1524689000000.0,185789000000.0,,76000000.0,125306000000.0,75945000000.0,247867000000.0,2232000000.0,241877000000.0,49361000000.0,86410000000.0,317822000000.0,875887000000.0,,116905000000.0,100445000000.0,143688000000.0,9000000.0,323376354.0,6247000000.0,28463000000.0,9064000000.0,3870000000.0,4050000000.0,1417000000.0,,2197000000.0,1127000000.0,1339000000.0,18484000000.0,17145000000.0,9979000000.0,,,780000000.0,2254000000.0,246000000.0,17145000000.0,2008000000.0,1689000000.0,19399000000.0,20179000000.0,2008000000.0,-28358000000.0,16840000000.0,,4097000000.0,15548000000.0,27000000.0,546000000.0,,,2008000000.0,-3342000000.0,28016000000.0,,1000000000.0,1000000000.0,0.0,1065000000.0,1065000000.0,,,19209000000.0,0.0,-1000000000.0,,,
2024-03-31,1698440000000.0,223068000000.0,209385000000.0,223068000000.0,-385544000000.0,,159683000000.0,10514000000.0,13890000000.0,6918000000.0,1021000000.0,5897000000.0,154900000000.0,136890000000.0,13683000000.0,1122232000000.0,,1579894000000.0,188740000000.0,,100000000.0,122479000000.0,78603000000.0,243085000000.0,2160000000.0,233919000000.0,43876000000.0,87142000000.0,312522000000.0,651093000000.0,,118546000000.0,101917000000.0,146690000000.0,9000000.0,324014481.0,9928000000.0,32160000000.0,8976000000.0,4832000000.0,8047000000.0,1254000000.0,,1881000000.0,1193000000.0,1608000000.0,19555000000.0,17947000000.0,12605000000.0,,,627000000.0,5237000000.0,1105000000.0,17947000000.0,4132000000.0,3733000000.0,23184000000.0,23811000000.0,4132000000.0,-28038000000.0,16905000000.0,,800000000.0,30421000000.0,26000000.0,497000000.0,,,4132000000.0,-7980000000.0,7171000000.0,,1500000000.0,1500000000.0,0.0,1123000000.0,1123000000.0,,,15536000000.0,0.0,-1500000000.0,,,
2024-06-30,1653313000000.0,220383000000.0,206326000000.0,220383000000.0,-364389000000.0,,158175000000.0,9729000000.0,14020000000.0,6885000000.0,992000000.0,5893000000.0,160924000000.0,136440000000.0,14057000000.0,1075312000000.0,,1533850000000.0,184971000000.0,,98000000.0,121036000000.0,76769000000.0,245265000000.0,2122000000.0,234632000000.0,44267000000.0,88360000000.0,311401000000.0,585675000000.0,,119463000000.0,105459000000.0,148652000000.0,9000000.0,316162882.0,8810000000.0,30929000000.0,8815000000.0,4484000000.0,6874000000.0,1290000000.0,,1936000000.0,1404000000.0,2242000000.0,20440000000.0,18198000000.0,10489000000.0,,,646000000.0,3916000000.0,873000000.0,,3043000000.0,3460000000.0,22114000000.0,22760000000.0,3043000000.0,6120000000.0,17994000000.0,,-2385000000.0,13183000000.0,33000000.0,542000000.0,,,3043000000.0,-5243000000.0,-2371000000.0,,3500000000.0,4200000000.0,0.0,1052000000.0,1052000000.0,,,20921000000.0,0.0,-1956000000.0,,,
2024-09-30,1728080000000.0,168688000000.0,154689000000.0,168688000000.0,,,160200000000.0,8504000000.0,14330000000.0,6834000000.0,925000000.0,5909000000.0,183660000000.0,139740000000.0,13999000000.0,1170074000000.0,,1606880000000.0,176039000000.0,,115000000.0,113922000000.0,75371000000.0,260324000000.0,2175000000.0,250250000000.0,38551000000.0,96223000000.0,325621000000.0,-2667000000.0,,121200000000.0,106475000000.0,150454000000.0,9000000.0,314190854.0,8461000000.0,31524000000.0,8712000000.0,4364000000.0,6541000000.0,1299000000.0,,1920000000.0,1656000000.0,2623000000.0,21448000000.0,18825000000.0,10076000000.0,,,621000000.0,3987000000.0,997000000.0,,2990000000.0,3387000000.0,22812000000.0,23433000000.0,2990000000.0,-38060000000.0,18860000000.0,,14685000000.0,68877000000.0,95000000.0,466000000.0,,,2990000000.0,-29286000000.0,10340000000.0,,1000000000.0,1000000000.0,0.0,1169000000.0,1169000000.0,,,17959000000.0,1995000000.0,995000000.0,,,
