fiscal_date_ending,total_assets,total_current_assets,cash_and_cash_equivalents,cash_and_short_term_investments,inventory,current_net_receivables,total_non_current_assets,property_plant_equipment,accumulated_depreciation_amortization_ppe,intangible_assets,intangible_assets_excluding_goodwill,goodwill,investments,long_term_investments,short_term_investments,other_current_assets,other_non_current_assets,total_liabilities,total_current_liabilities,current_accounts_payable,deferred_revenue,current_debt,short_term_debt,total_non_current_liabilities,capital_lease_obligations,long_term_debt,current_long_term_debt,long_term_debt_non_current,short_long_term_debt_total,other_current_liabilities,other_non_current_liabilities,total_shareholder_equity,treasury_stock,retained_earnings,common_stock,common_stock_shares_outstanding,gross_profit,total_revenue,cost_of_revenue,cost_of_goods_and_services_sold,operating_income,selling_general_and_administrative,research_and_development,operating_expenses,investment_income_net,net_interest_income,interest_income,interest_expense,non_interest_income,other_non_operating_income,depreciation,depreciation_and_amortization,income_before_tax,income_tax_expense,interest_and_debt_expense,net_income_from_continuing_operations,comprehensive_income_net_of_tax,ebit,ebitda,net_income,operating_cashflow,payments_for_operating_activities,proceeds_from_operating_activities,change_in_operating_liabilities,change_in_operating_assets,depreciation_depletion_and_amortization,capital_expenditures,change_in_receivables,change_in_inventory,profit_loss,cashflow_from_investment,cashflow_from_financing,proceeds_from_repayments_of_short_term_debt,payments_for_repurchase_of_common_stock,payments_for_repurchase_of_equity,payments_for_repurchase_of_preferred_stock,dividend_payout,dividend_payout_common_stock,dividend_payout_preferred_stock,proceeds_from_issuance_of_common_stock,proceeds_from_issuance_of_long_term_debt_and_capital_securities_net,proceeds_from_issuance_of_preferred_stock,proceeds_from_repurchase_of_equity,proceeds_from_sale_of_treasury_stock,change_in_cash_and_cash_equivalents,change_in_exchange_rate
2009-06-30,49061000000.0,18467000000.0,3826000000.0,3826000000.0,2805000000.0,,30594000000.0,17515000000.0,30956000000.0,666000000.0,666000000.0,3932000000.0,,3515000000.0,5195000000.0,883000000.0,5632000000.0,10014000000.0,7079000000.0,1726000000.0,,24000000.0,24000000.0,2935000000.0,,1174000000.0,,1174000000.0,1754000000.0,2719000000.0,1205000000.0,39047000000.0,,25205000000.0,13995000000.0,5597000000.0,4079000000.0,8024000000.0,3945000000.0,3945000000.0,-12000000.0,2695000000.0,1303000000.0,4091000000.0,,,,1000000.0,,,1211000000.0,1286000000.0,-50000000.0,348000000.0,,-12000000.0,-161000000.0,-12000000.0,239000000.0,-398000000.0,,,,,,,,,,,,,,,,,,,,,,,,,,
2009-09-30,50996000000.0,19247000000.0,4109000000.0,12930000000.0,2490000000.0,,31749000000.0,17354000000.0,31261000000.0,972000000.0,972000000.0,4421000000.0,,4377000000.0,5150000000.0,542000000.0,5597000000.0,11963000000.0,7749000000.0,1907000000.0,,23000000.0,23000000.0,4214000000.0,,2201000000.0,,2201000000.0,2224000000.0,2225000000.0,1627000000.0,39033000000.0,,24037000000.0,14763000000.0,5520000000.0,5404000000.0,9389000000.0,5368000000.0,3985000000.0,2579000000.0,1320000000.0,1430000000.0,2825000000.0,34000000.0,,,220000000.0,,,1153000000.0,12000000.0,2532000000.0,676000000.0,,2579000000.0,2242000000.0,2579000000.0,2764000000.0,1856000000.0,4003000000.0,,,,,1235000000.0,944000000.0,,-309000000.0,2579000000.0,-3380000000.0,-340000000.0,,1673000000.0,,,771000000.0,771000000.0,,,,,-1673000000.0,,283000000.0,
2009-12-31,53095000000.0,21157000000.0,3987000000.0,13920000000.0,2935000000.0,,31938000000.0,17225000000.0,30597000000.0,5304000000.0,883000000.0,4421000000.0,,4952000000.0,5285000000.0,813000000.0,5340000000.0,11391000000.0,7591000000.0,1883000000.0,,172000000.0,172000000.0,3800000000.0,,2049000000.0,157000000.0,2049000000.0,2221000000.0,1722000000.0,1003000000.0,41704000000.0,,26318000000.0,14993000000.0,5523000000.0,6840000000.0,10569000000.0,6450000000.0,3729000000.0,2497000000.0,2718000000.0,1603000000.0,4343000000.0,24000000.0,,,239000000.0,,,1172000000.0,89000000.0,2593000000.0,311000000.0,,2497000000.0,2442000000.0,2497000000.0,2586000000.0,2282000000.0,3405000000.0,,,-24000000.0,688000000.0,1172000000.0,1081000000.0,248000000.0,440000000.0,2497000000.0,-2769000000.0,-758000000.0,,10000000.0,10000000.0,,774000000.0,774000000.0,,,,,23000000.0,,-122000000.0,
2010-03-31,55773000000.0,23724000000.0,4988000000.0,16342000000.0,2986000000.0,,32049000000.0,17028000000.0,30935000000.0,845000000.0,845000000.0,4452000000.0,,5252000000.0,5927000000.0,781000000.0,5317000000.0,12873000000.0,8912000000.0,1912000000.0,,330000000.0,330000000.0,3961000000.0,,2052000000.0,,2052000000.0,2382000000.0,2881000000.0,1028000000.0,42900000000.0,,27020000000.0,15466000000.0,5537000000.0,6529000000.0,10299000000.0,5345000000.0,3770000000.0,3448000000.0,1514000000.0,1564000000.0,3081000000.0,26000000.0,,,33000000.0,,,1080000000.0,61000000.0,3446000000.0,1004000000.0,,3448000000.0,2463000000.0,3448000000.0,3509000000.0,2442000000.0,4079000000.0,0.0,,29000000.0,-37000000.0,1141000000.0,928000000.0,-88000000.0,51000000.0,3448000000.0,-2672000000.0,-406000000.0,,3000000.0,3000000.0,,870000000.0,870000000.0,,,,,225000000.0,,1001000000.0,0.0
2010-06-30,57691000000.0,26464000000.0,5514000000.0,18303000000.0,3345000000.0,,31227000000.0,16946000000.0,31472000000.0,5263000000.0,782000000.0,4481000000.0,,4863000000.0,12789000000.0,1180000000.0,4937000000.0,11850000000.0,7937000000.0,2126000000.0,,215000000.0,215000000.0,3913000000.0,,2058000000.0,,2058000000.0,2273000000.0,2094000000.0,1095000000.0,45841000000.0,,29869000000.0,15741000000.0,5567000000.0,7235000000.0,10765000000.0,5114000000.0,3530000000.0,3981000000.0,1584000000.0,1666000000.0,3254000000.0,29000000.0,,,397000000.0,,,1086000000.0,63000000.0,4185000000.0,1298000000.0,,4001000000.0,2704000000.0,3981000000.0,4044000000.0,2887000000.0,3486000000.0,0.0,,214000000.0,579000000.0,1149000000.0,1048000000.0,235000000.0,344000000.0,4001000000.0,-1970000000.0,-990000000.0,,216000000.0,216000000.0,,877000000.0,877000000.0,,,,,-58000000.0,,526000000.0,0.0
2010-09-30,60588000000.0,29499000000.0,5517000000.0,20750000000.0,3423000000.0,,31089000000.0,17189000000.0,31919000000.0,5250000000.0,769000000.0,4481000000.0,,4536000000.0,9470000000.0,1182000000.0,4883000000.0,12892000000.0,8837000000.0,1903000000.0,,259000000.0,259000000.0,4055000000.0,,2073000000.0,,2073000000.0,2332000000.0,2762000000.0,1127000000.0,47696000000.0,,31069000000.0,16096000000.0,5576000000.0,7321000000.0,11102000000.0,5287000000.0,3781000000.0,4136000000.0,1506000000.0,1675000000.0,3185000000.0,35000000.0,,,192000000.0,,,1086000000.0,56000000.0,4251000000.0,1296000000.0,,4143000000.0,3255000000.0,4136000000.0,4192000000.0,2955000000.0,3577000000.0,0.0,,-223000000.0,565000000.0,1142000000.0,1362000000.0,481000000.0,84000000.0,4143000000.0,-2925000000.0,-649000000.0,,3000000.0,3000000.0,,877000000.0,877000000.0,,,,,146000000.0,,3000000.0,0.0
2010-12-31,63186000000.0,31611000000.0,5498000000.0,21885000000.0,3757000000.0,,31575000000.0,17899000000.0,32582000000.0,5391000000.0,860000000.0,4531000000.0,,4034000000.0,16387000000.0,1614000000.0,4251000000.0,13756000000.0,9327000000.0,2290000000.0,,38000000.0,38000000.0,4429000000.0,,2077000000.0,,2077000000.0,2115000000.0,2357000000.0,1426000000.0,49430000000.0,,32919000000.0,16178000000.0,5511000000.0,7406000000.0,11457000000.0,5816000000.0,4051000000.0,4023000000.0,1705000000.0,1671000000.0,3383000000.0,29000000.0,,,315000000.0,,,1146000000.0,60000000.0,4163000000.0,983000000.0,,-570000000.0,2982000000.0,4023000000.0,4083000000.0,3180000000.0,5550000000.0,0.0,,387000000.0,283000000.0,1206000000.0,1869000000.0,-44000000.0,327000000.0,-570000000.0,-2972000000.0,-2597000000.0,,1514000000.0,1514000000.0,,879000000.0,879000000.0,,,,,-1462000000.0,,-19000000.0,0.0
2011-03-31,65552000000.0,22795000000.0,4188000000.0,4188000000.0,4099000000.0,,42757000000.0,19559000000.0,33453000000.0,15941000000.0,6872000000.0,9069000000.0,,2843000000.0,7790000000.0,1270000000.0,4414000000.0,18203000000.0,11565000000.0,2757000000.0,,54000000.0,54000000.0,6638000000.0,,2083000000.0,,2083000000.0,2137000000.0,3621000000.0,2505000000.0,47349000000.0,,30597000000.0,16271000000.0,5336000000.0,7885000000.0,12869000000.0,6892000000.0,4962000000.0,4158000000.0,1775000000.0,1916000000.0,3727000000.0,28000000.0,-6000000.0,,6000000.0,,,1287000000.0,155000000.0,4371000000.0,1211000000.0,6000000.0,4371000000.0,3308000000.0,4158000000.0,4313000000.0,3160000000.0,4013000000.0,,,-997000000.0,755000000.0,1442000000.0,2723000000.0,504000000.0,251000000.0,4371000000.0,-644000000.0,-4688000000.0,,4006000000.0,4006000000.0,,994000000.0,994000000.0,,,,,-3767000000.0,,-1310000000.0,9000000.0
2011-06-30,66089000000.0,23102000000.0,4635000000.0,4635000000.0,4030000000.0,,42987000000.0,20778000000.0,34093000000.0,15841000000.0,6700000000.0,9141000000.0,,,6912000000.0,2193000000.0,4484000000.0,17366000000.0,10354000000.0,2742000000.0,,71000000.0,71000000.0,7012000000.0,,2090000000.0,,2090000000.0,2161000000.0,2520000000.0,2519000000.0,48723000000.0,,32012000000.0,16245000000.0,5285000000.0,7902000000.0,13068000000.0,7035000000.0,5130000000.0,3935000000.0,1905000000.0,1986000000.0,3967000000.0,20000000.0,0.0,,0.0,,,1248000000.0,256000000.0,8302000000.0,2188000000.0,0.0,3931000000.0,2939000000.0,3935000000.0,4191000000.0,2954000000.0,3971000000.0,,,553000000.0,-183000000.0,1504000000.0,2484000000.0,-116000000.0,-67000000.0,3931000000.0,-783000000.0,-2745000000.0,,2174000000.0,2174000000.0,,961000000.0,961000000.0,,,,,-1826000000.0,,447000000.0,4000000.0
2011-09-30,70551000000.0,26698000000.0,7057000000.0,7057000000.0,3959000000.0,,43853000000.0,22157000000.0,34660000000.0,15583000000.0,6445000000.0,9138000000.0,,,8141000000.0,1709000000.0,4739000000.0,24434000000.0,11909000000.0,2999000000.0,,66000000.0,66000000.0,12525000000.0,,7076000000.0,,7076000000.0,7142000000.0,3442000000.0,2495000000.0,46117000000.0,,29902000000.0,16247000000.0,5118000000.0,9018000000.0,14419000000.0,7232000000.0,5215000000.0,4785000000.0,2017000000.0,2140000000.0,4233000000.0,22000000.0,0.0,,0.0,,,1273000000.0,256000000.0,4892000000.0,1424000000.0,0.0,4892000000.0,2970000000.0,4785000000.0,5041000000.0,3468000000.0,6349000000.0,,,438000000.0,394000000.0,1529000000.0,2713000000.0,468000000.0,-74000000.0,4892000000.0,-4107000000.0,183000000.0,,4007000000.0,4007000000.0,,1102000000.0,1102000000.0,,,,,-3669000000.0,,2422000000.0,-3000000.0
2011-12-31,71119000000.0,25872000000.0,5065000000.0,14837000000.0,4096000000.0,,49417000000.0,23627000000.0,34446000000.0,15521000000.0,6267000000.0,9254000000.0,,,9772000000.0,1589000000.0,4648000000.0,25208000000.0,12028000000.0,2956000000.0,,247000000.0,247000000.0,13180000000.0,,7084000000.0,,7084000000.0,7331000000.0,2814000000.0,3479000000.0,45911000000.0,,29656000000.0,17036000000.0,5000000000.0,8952000000.0,13869000000.0,7093000000.0,4935000000.0,4599000000.0,1973000000.0,2308000000.0,4353000000.0,28000000.0,-35000000.0,,35000000.0,,,1333000000.0,256000000.0,4587000000.0,1227000000.0,35000000.0,-276000000.0,2611000000.0,4599000000.0,4855000000.0,3360000000.0,6630000000.0,9000000.0,,507000000.0,-45000000.0,1589000000.0,2844000000.0,-178000000.0,133000000.0,-276000000.0,-4767000000.0,-3850000000.0,181000000.0,4153000000.0,4153000000.0,,1070000000.0,1070000000.0,,,,,-3033000000.0,,-1992000000.0,-5000000.0
2012-03-31,71817000000.0,25421000000.0,4429000000.0,13753000000.0,4489000000.0,,51492000000.0,25027000000.0,35575000000.0,15452000000.0,6064000000.0,9388000000.0,,,5012000000.0,1348000000.0,4600000000.0,25057000000.0,11941000000.0,2993000000.0,,362000000.0,362000000.0,13116000000.0,,7088000000.0,,7088000000.0,7450000000.0,3992000000.0,3235000000.0,46760000000.0,,28983000000.0,18381000000.0,5006000000.0,8265000000.0,12875000000.0,6880000000.0,4641000000.0,3810000000.0,1973000000.0,2401000000.0,4455000000.0,28000000.0,-31000000.0,,31000000.0,,,1519000000.0,266000000.0,3814000000.0,1076000000.0,31000000.0,3814000000.0,2915000000.0,3810000000.0,4076000000.0,2738000000.0,2972000000.0,28000000.0,,-1413000000.0,768000000.0,1785000000.0,2974000000.0,387000000.0,381000000.0,3814000000.0,-2111000000.0,-1495000000.0,0.0,1519000000.0,1519000000.0,,1049000000.0,1049000000.0,,,,,-275000000.0,,-636000000.0,-2000000.0
2012-06-30,72352000000.0,25785000000.0,5223000000.0,13648000000.0,4904000000.0,,50686000000.0,25976000000.0,36023000000.0,15416000000.0,5974000000.0,9442000000.0,,,8425000000.0,2172000000.0,4008000000.0,23573000000.0,10538000000.0,3269000000.0,,92000000.0,92000000.0,13035000000.0,,7093000000.0,,7093000000.0,7185000000.0,2182000000.0,3167000000.0,48779000000.0,,30753000000.0,18883000000.0,5013000000.0,8554000000.0,13514000000.0,7113000000.0,4947000000.0,3832000000.0,2131000000.0,2513000000.0,4722000000.0,25000000.0,-21000000.0,,21000000.0,,,1572000000.0,267000000.0,3934000000.0,1107000000.0,21000000.0,3934000000.0,2574000000.0,3832000000.0,4099000000.0,2827000000.0,4739000000.0,168000000.0,,761000000.0,-89000000.0,267000000.0,2662000000.0,-490000000.0,401000000.0,3934000000.0,-1765000000.0,-2176000000.0,-270000000.0,1396000000.0,1396000000.0,,1057000000.0,1057000000.0,,,,,-959000000.0,,794000000.0,-4000000.0
2012-09-30,74441000000.0,23014000000.0,3520000000.0,10465000000.0,5319000000.0,,57474000000.0,27157000000.0,37009000000.0,15844000000.0,6221000000.0,9623000000.0,,4393000000.0,6945000000.0,1659000000.0,4033000000.0,25172000000.0,11953000000.0,3188000000.0,,56000000.0,56000000.0,13219000000.0,,7100000000.0,,7100000000.0,7156000000.0,3339000000.0,3215000000.0,49269000000.0,,30492000000.0,19278000000.0,4982000000.0,8515000000.0,13509000000.0,6937000000.0,4942000000.0,3841000000.0,1995000000.0,2605000000.0,4674000000.0,23000000.0,-14000000.0,,14000000.0,,,1625000000.0,268000000.0,3921000000.0,949000000.0,14000000.0,3921000000.0,3328000000.0,3935000000.0,4203000000.0,2972000000.0,5147000000.0,-24000000.0,,296000000.0,802000000.0,268000000.0,2887000000.0,386000000.0,416000000.0,3921000000.0,-4852000000.0,-2004000000.0,,1175000000.0,1175000000.0,,1125000000.0,1125000000.0,,,,,-881000000.0,,-1703000000.0,6000000.0
2012-12-31,84351000000.0,31358000000.0,8478000000.0,18162000000.0,4734000000.0,,59546000000.0,27983000000.0,38063000000.0,15945000000.0,6235000000.0,9710000000.0,,4917000000.0,9684000000.0,2512000000.0,4148000000.0,33148000000.0,12898000000.0,3023000000.0,,312000000.0,312000000.0,20250000000.0,,13136000000.0,,13136000000.0,13448000000.0,3644000000.0,3702000000.0,51203000000.0,,32138000000.0,19464000000.0,4944000000.0,7817000000.0,13509000000.0,7982000000.0,5660000000.0,3155000000.0,1958000000.0,2629000000.0,4662000000.0,21000000.0,-24000000.0,,24000000.0,,,1641000000.0,364000000.0,3204000000.0,736000000.0,24000000.0,-671000000.0,2570000000.0,3228000000.0,3592000000.0,2468000000.0,6026000000.0,41000000.0,,615000000.0,-679000000.0,2005000000.0,2504000000.0,-107000000.0,-572000000.0,-671000000.0,-5332000000.0,4267000000.0,,675000000.0,1020000000.0,,1119000000.0,1119000000.0,,,,,-884000000.0,,4958000000.0,-3000000.0
2013-03-31,83083000000.0,28677000000.0,5698000000.0,17073000000.0,4358000000.0,,62001000000.0,28418000000.0,39023000000.0,15563000000.0,5807000000.0,9756000000.0,,,11375000000.0,1601000000.0,4418000000.0,31889000000.0,11798000000.0,2654000000.0,,88000000.0,88000000.0,20091000000.0,,13143000000.0,,13143000000.0,13231000000.0,4667000000.0,3521000000.0,51194000000.0,,31506000000.0,20098000000.0,4948000000.0,7066000000.0,12507000000.0,7843000000.0,5514000000.0,2519000000.0,1947000000.0,2527000000.0,4547000000.0,23000000.0,-73000000.0,,73000000.0,,,1682000000.0,382000000.0,2443000000.0,398000000.0,73000000.0,2443000000.0,2034000000.0,2516000000.0,2898000000.0,2045000000.0,4285000000.0,1000000.0,,-1387000000.0,-665000000.0,2064000000.0,2174000000.0,-293000000.0,-372000000.0,2443000000.0,-5317000000.0,-1738000000.0,,559000000.0,559000000.0,,1114000000.0,1114000000.0,,,,,-94000000.0,,-2780000000.0,-10000000.0
2013-06-30,85661000000.0,29048000000.0,3778000000.0,17350000000.0,4542000000.0,,65344000000.0,29345000000.0,40160000000.0,15625000000.0,5620000000.0,10005000000.0,,7003000000.0,13572000000.0,1561000000.0,4640000000.0,31821000000.0,11389000000.0,2864000000.0,,263000000.0,263000000.0,20432000000.0,,13150000000.0,,13150000000.0,13413000000.0,3250000000.0,3573000000.0,53840000000.0,,33017000000.0,20678000000.0,4981000000.0,7470000000.0,12751000000.0,7785000000.0,5341000000.0,2719000000.0,2165000000.0,2516000000.0,4751000000.0,26000000.0,-60000000.0,,60000000.0,,,1712000000.0,279000000.0,2693000000.0,693000000.0,60000000.0,2693000000.0,2555000000.0,2753000000.0,3032000000.0,2000000000.0,3030000000.0,152000000.0,,784000000.0,102000000.0,279000000.0,2723000000.0,-75000000.0,177000000.0,2693000000.0,-5512000000.0,-1132000000.0,,796000000.0,796000000.0,,1123000000.0,1123000000.0,,,,,-221000000.0,,-1920000000.0,2000000.0
2013-09-30,90551000000.0,31350000000.0,4881000000.0,19146000000.0,4533000000.0,,70301000000.0,30346000000.0,41282000000.0,15901000000.0,5434000000.0,10467000000.0,,8097000000.0,14265000000.0,1517000000.0,4857000000.0,35099000000.0,13875000000.0,2996000000.0,,350000000.0,350000000.0,21224000000.0,,13157000000.0,,13157000000.0,13507000000.0,4894000000.0,3683000000.0,55452000000.0,,33291000000.0,21113000000.0,4973000000.0,8414000000.0,13427000000.0,7455000000.0,5069000000.0,3504000000.0,1970000000.0,2742000000.0,4910000000.0,24000000.0,-56000000.0,,56000000.0,,,1729000000.0,292000000.0,3924000000.0,974000000.0,56000000.0,2950000000.0,3853000000.0,3980000000.0,4272000000.0,2950000000.0,3219000000.0,-19000000.0,,693000000.0,227000000.0,292000000.0,2866000000.0,237000000.0,-10000000.0,2950000000.0,-3323000000.0,-1306000000.0,,544000000.0,544000000.0,,1121000000.0,1121000000.0,,,,,-276000000.0,,1103000000.0,1000000.0
2013-12-31,92358000000.0,32084000000.0,5674000000.0,20087000000.0,4172000000.0,,71228000000.0,31428000000.0,41988000000.0,15663000000.0,5150000000.0,10513000000.0,,7694000000.0,14413000000.0,1649000000.0,5489000000.0,34102000000.0,13568000000.0,2969000000.0,2602000000.0,281000000.0,281000000.0,20534000000.0,,13165000000.0,0.0,13165000000.0,13446000000.0,4078000000.0,2972000000.0,58256000000.0,,35477000000.0,21536000000.0,4967000000.0,8571000000.0,13779000000.0,7674000000.0,5263000000.0,3549000000.0,2006000000.0,2826000000.0,5022000000.0,31000000.0,-55000000.0,,55000000.0,,,1667000000.0,289000000.0,3551000000.0,926000000.0,55000000.0,2625000000.0,2820000000.0,3606000000.0,3895000000.0,2625000000.0,6038000000.0,137000000.0,,332000000.0,-498000000.0,1956000000.0,2948000000.0,-140000000.0,-358000000.0,2625000000.0,-3921000000.0,-1322000000.0,,248000000.0,541000000.0,,1121000000.0,1121000000.0,,,,,-261000000.0,,793000000.0,-2000000.0
2014-03-31,91932000000.0,30554000000.0,4777000000.0,19046000000.0,3763000000.0,,72426000000.0,32502000000.0,42791000000.0,15580000000.0,4963000000.0,10617000000.0,,7850000000.0,14269000000.0,1733000000.0,5446000000.0,33894000000.0,13552000000.0,3010000000.0,,36000000.0,36000000.0,20342000000.0,,13172000000.0,,13172000000.0,13208000000.0,5337000000.0,2868000000.0,58038000000.0,,34716000000.0,22166000000.0,4972000000.0,7613000000.0,12727000000.0,7622000000.0,5151000000.0,2510000000.0,2047000000.0,2846000000.0,5103000000.0,35000000.0,-37000000.0,,37000000.0,,,1720000000.0,287000000.0,2670000000.0,740000000.0,37000000.0,1930000000.0,1843000000.0,2707000000.0,2994000000.0,1930000000.0,3501000000.0,64000000.0,,-1324000000.0,-483000000.0,2007000000.0,2689000000.0,-78000000.0,-405000000.0,1930000000.0,-2749000000.0,-1650000000.0,,545000000.0,572000000.0,,1119000000.0,1119000000.0,,,,,-93000000.0,,-897000000.0,1000000.0
2014-06-30,91793000000.0,29006000000.0,3049000000.0,17311000000.0,3943000000.0,,74706000000.0,33115000000.0,44030000000.0,15318000000.0,4697000000.0,10621000000.0,,8228000000.0,14262000000.0,2008000000.0,6126000000.0,32546000000.0,12251000000.0,2960000000.0,,14000000.0,14000000.0,20295000000.0,,13180000000.0,,13180000000.0,13194000000.0,3630000000.0,2928000000.0,59247000000.0,,35652000000.0,22475000000.0,4948000000.0,8917000000.0,13782000000.0,7346000000.0,4914000000.0,3844000000.0,2061000000.0,2859000000.0,5073000000.0,38000000.0,-49000000.0,,49000000.0,,,1880000000.0,290000000.0,3922000000.0,1126000000.0,49000000.0,2796000000.0,2760000000.0,3971000000.0,4261000000.0,2796000000.0,3152000000.0,314000000.0,,408000000.0,159000000.0,290000000.0,2828000000.0,-11000000.0,170000000.0,2796000000.0,-4266000000.0,-2915000000.0,,2080000000.0,2352000000.0,,1126000000.0,1126000000.0,,,,,-1826000000.0,,-1728000000.0,0.0
2014-09-30,90616000000.0,27509000000.0,3143000000.0,15594000000.0,4115000000.0,,75498000000.0,33135000000.0,45368000000.0,14935000000.0,4379000000.0,10556000000.0,,8667000000.0,12451000000.0,2479000000.0,6370000000.0,34543000000.0,14904000000.0,2597000000.0,,1164000000.0,79000000.0,20287000000.0,,12103000000.0,1085000000.0,12103000000.0,13267000000.0,4923000000.0,3070000000.0,56073000000.0,,33233000000.0,22809000000.0,4857000000.0,9458000000.0,14501000000.0,7402000000.0,5096000000.0,4540000000.0,1979000000.0,2842000000.0,4918000000.0,35000000.0,-53000000.0,,53000000.0,,,1891000000.0,307000000.0,4550000000.0,1233000000.0,53000000.0,3317000000.0,3143000000.0,4603000000.0,4910000000.0,3317000000.0,3599000000.0,76000000.0,,216000000.0,341000000.0,307000000.0,2445000000.0,165000000.0,176000000.0,3317000000.0,-986000000.0,-4607000000.0,,4167000000.0,4182000000.0,,1095000000.0,1095000000.0,,,,,-3621000000.0,,94000000.0,-6000000.0
2014-12-31,91900000000.0,27730000000.0,2561000000.0,14054000000.0,4273000000.0,,76977000000.0,33238000000.0,46471000000.0,15307000000.0,4446000000.0,10861000000.0,,9120000000.0,11493000000.0,3018000000.0,6505000000.0,36035000000.0,16011000000.0,2748000000.0,2688000000.0,1596000000.0,1604000000.0,20072000000.0,,13195000000.0,1088000000.0,12059000000.0,13711000000.0,4895000000.0,3278000000.0,55865000000.0,,33418000000.0,21781000000.0,4748000000.0,9621000000.0,14668000000.0,7491000000.0,5100000000.0,4453000000.0,2049000000.0,2990000000.0,5168000000.0,33000000.0,-53000000.0,,53000000.0,,,1889000000.0,285000000.0,4659000000.0,998000000.0,53000000.0,3661000000.0,3381000000.0,4712000000.0,4997000000.0,3661000000.0,11542000000.0,168000000.0,,455000000.0,942000000.0,2174000000.0,2143000000.0,785000000.0,157000000.0,3661000000.0,-1904000000.0,-4439000000.0,,4000000000.0,3686000000.0,,1069000000.0,1069000000.0,,,,,-3592000000.0,,-582000000.0,-10000000.0
2015-03-31,89566000000.0,26466000000.0,4244000000.0,14118000000.0,4418000000.0,,75014000000.0,33296000000.0,47990000000.0,14977000000.0,4211000000.0,10766000000.0,,8224000000.0,9874000000.0,2636000000.0,6603000000.0,34642000000.0,15035000000.0,2775000000.0,2624000000.0,1121000000.0,1121000000.0,19607000000.0,,12112000000.0,,12112000000.0,13233000000.0,5918000000.0,3125000000.0,54924000000.0,,32461000000.0,22395000000.0,4742000000.0,7730000000.0,12739000000.0,7360000000.0,5051000000.0,2615000000.0,1953000000.0,2995000000.0,5115000000.0,32000000.0,-42000000.0,,42000000.0,,,1848000000.0,251000000.0,2673000000.0,681000000.0,42000000.0,1992000000.0,1394000000.0,2715000000.0,2966000000.0,1992000000.0,8830000000.0,-64000000.0,,-1730000000.0,-1030000000.0,2099000000.0,2025000000.0,-1167000000.0,137000000.0,1992000000.0,-449000000.0,-2274000000.0,,750000000.0,750000000.0,,1137000000.0,1137000000.0,,,,,-409000000.0,,1683000000.0,-9000000.0
2015-06-30,90492000000.0,26710000000.0,4454000000.0,13870000000.0,4818000000.0,,77176000000.0,32683000000.0,49645000000.0,15263000000.0,4226000000.0,11037000000.0,,8935000000.0,9416000000.0,2267000000.0,6901000000.0,32797000000.0,13529000000.0,2359000000.0,2516000000.0,1118000000.0,23000000.0,19268000000.0,,12116000000.0,1095000000.0,12116000000.0,13234000000.0,4377000000.0,2996000000.0,57695000000.0,,34425000000.0,22625000000.0,4753000000.0,8248000000.0,13142000000.0,7358000000.0,4947000000.0,2896000000.0,1949000000.0,3087000000.0,5352000000.0,28000000.0,-53000000.0,,53000000.0,,,1977000000.0,214000000.0,2983000000.0,277000000.0,53000000.0,2706000000.0,3283000000.0,3036000000.0,3250000000.0,2706000000.0,3038000000.0,277000000.0,,122000000.0,946000000.0,214000000.0,1767000000.0,594000000.0,352000000.0,2706000000.0,-1295000000.0,-1945000000.0,,697000000.0,697000000.0,,1146000000.0,1146000000.0,,,,,-564000000.0,,210000000.0,10000000.0
2015-09-30,98552000000.0,36205000000.0,7065000000.0,20843000000.0,4965000000.0,,75514000000.0,31597000000.0,51405000000.0,15048000000.0,4022000000.0,11026000000.0,,7447000000.0,13778000000.0,4304000000.0,8255000000.0,41455000000.0,15080000000.0,2449000000.0,2608000000.0,1129000000.0,41000000.0,26375000000.0,,21222000000.0,1096000000.0,20059000000.0,21188000000.0,5582000000.0,2909000000.0,57097000000.0,,34431000000.0,23001000000.0,4730000000.0,9111000000.0,14349000000.0,7493000000.0,5354000000.0,4192000000.0,1910000000.0,2927000000.0,4919000000.0,31000000.0,-116000000.0,,116000000.0,,-104000000.0,2060000000.0,215000000.0,4253000000.0,1144000000.0,116000000.0,3109000000.0,2129000000.0,4369000000.0,4584000000.0,3109000000.0,3418000000.0,-14000000.0,,305000000.0,392000000.0,215000000.0,1206000000.0,241000000.0,151000000.0,3109000000.0,-9167000000.0,6043000000.0,,1029000000.0,1029000000.0,,1140000000.0,1140000000.0,,,,,-807000000.0,,2611000000.0,0.0
2015-12-31,101459000000.0,38320000000.0,15308000000.0,25313000000.0,5167000000.0,,76043000000.0,31858000000.0,51538000000.0,15265000000.0,3933000000.0,11332000000.0,,7851000000.0,10005000000.0,2982000000.0,8165000000.0,40374000000.0,15646000000.0,2063000000.0,2718000000.0,2634000000.0,41000000.0,26313000000.0,,22707000000.0,2602000000.0,20036000000.0,22670000000.0,4607000000.0,2841000000.0,61085000000.0,,37614000000.0,23411000000.0,4725000000.0,9590000000.0,14788000000.0,7639000000.0,5324000000.0,4299000000.0,2118000000.0,3119000000.0,5291000000.0,33000000.0,-126000000.0,,126000000.0,,199000000.0,1936000000.0,-415000000.0,4303000000.0,690000000.0,126000000.0,3613000000.0,4008000000.0,4429000000.0,4014000000.0,3613000000.0,10854000000.0,146000000.0,,280000000.0,811000000.0,2146000000.0,2448000000.0,687000000.0,124000000.0,3613000000.0,2728000000.0,88000000.0,,525000000.0,525000000.0,,1133000000.0,1133000000.0,,,,,-355000000.0,,8243000000.0,0.0
2016-03-31,105467000000.0,27397000000.0,3061000000.0,3061000000.0,5751000000.0,,78070000000.0,32644000000.0,52199000000.0,28082000000.0,11140000000.0,16942000000.0,,9474000000.0,12030000000.0,2339000000.0,7870000000.0,44293000000.0,17526000000.0,3163000000.0,3114000000.0,3594000000.0,3594000000.0,26767000000.0,,24449000000.0,2606000000.0,21775000000.0,25369000000.0,5483000000.0,2851000000.0,61174000000.0,,36526000000.0,24088000000.0,4716000000.0,8130000000.0,13494000000.0,8194000000.0,5572000000.0,2568000000.0,2226000000.0,3246000000.0,5562000000.0,52000000.0,-208000000.0,,208000000.0,,-82000000.0,1619000000.0,396000000.0,2508000000.0,462000000.0,208000000.0,2046000000.0,2546000000.0,2716000000.0,3112000000.0,2046000000.0,8110000000.0,254000000.0,,-873000000.0,-885000000.0,2015000000.0,1346000000.0,-942000000.0,57000000.0,2046000000.0,-15520000000.0,-782000000.0,,793000000.0,793000000.0,,1228000000.0,1228000000.0,,,,,-450000000.0,,-12247000000.0,
2016-06-30,109831000000.0,31188000000.0,3885000000.0,3885000000.0,5800000000.0,,78643000000.0,33804000000.0,53313000000.0,27813000000.0,10821000000.0,16992000000.0,,8961000000.0,13804000000.0,3273000000.0,8065000000.0,48464000000.0,18711000000.0,3420000000.0,3275000000.0,4560000000.0,4560000000.0,29753000000.0,,27238000000.0,3111000000.0,24053000000.0,28613000000.0,4379000000.0,3517000000.0,61367000000.0,,37130000000.0,24317000000.0,4728000000.0,7973000000.0,13346000000.0,9376000000.0,5560000000.0,1318000000.0,2007000000.0,3145000000.0,6655000000.0,51000000.0,-187000000.0,,187000000.0,,-126000000.0,1522000000.0,395000000.0,1670000000.0,340000000.0,187000000.0,1330000000.0,690000000.0,1857000000.0,2252000000.0,1330000000.0,1694000000.0,94000000.0,,-411000000.0,255000000.0,395000000.0,2286000000.0,208000000.0,47000000.0,1330000000.0,-4170000000.0,1149000000.0,,804000000.0,804000000.0,,1233000000.0,1233000000.0,,,,,-620000000.0,,824000000.0,
2016-09-30,112217000000.0,36216000000.0,4752000000.0,4752000000.0,5783000000.0,,76001000000.0,34707000000.0,54060000000.0,23392000000.0,9524000000.0,13868000000.0,,10211000000.0,13017000000.0,2612000000.0,7691000000.0,49102000000.0,20093000000.0,3181000000.0,1787000000.0,3573000000.0,3573000000.0,29009000000.0,,27231000000.0,3115000000.0,24043000000.0,27616000000.0,5804000000.0,2869000000.0,63115000000.0,,37645000000.0,25070000000.0,4739000000.0,9983000000.0,15598000000.0,8247000000.0,5795000000.0,4462000000.0,2006000000.0,3069000000.0,5521000000.0,56000000.0,-180000000.0,,180000000.0,,-8000000.0,1543000000.0,74000000.0,4318000000.0,940000000.0,180000000.0,3378000000.0,3858000000.0,4498000000.0,4572000000.0,3378000000.0,3702000000.0,124000000.0,,-402000000.0,848000000.0,385000000.0,2463000000.0,834000000.0,14000000.0,3378000000.0,-2683000000.0,-2208000000.0,,457000000.0,457000000.0,,1231000000.0,1231000000.0,,,,,40000000.0,,867000000.0,
2016-12-31,113327000000.0,35508000000.0,5560000000.0,17099000000.0,5553000000.0,,93440000000.0,36171000000.0,53934000000.0,23593000000.0,9494000000.0,14099000000.0,,10896000000.0,11539000000.0,2956000000.0,7159000000.0,47101000000.0,20302000000.0,2475000000.0,1783000000.0,4634000000.0,4634000000.0,26799000000.0,,25258000000.0,4609000000.0,20649000000.0,25283000000.0,6090000000.0,3538000000.0,66226000000.0,,40747000000.0,25373000000.0,4730000000.0,10147000000.0,16216000000.0,9798000000.0,6227000000.0,4785000000.0,2138000000.0,3225000000.0,5362000000.0,63000000.0,-158000000.0,,158000000.0,,-268000000.0,1582000000.0,41000000.0,4440000000.0,878000000.0,158000000.0,3562000000.0,3268000000.0,4598000000.0,4639000000.0,3562000000.0,16300000000.0,331000000.0,,273000000.0,-402000000.0,1930000000.0,3530000000.0,-165000000.0,-237000000.0,3562000000.0,-3444000000.0,-3898000000.0,-441000000.0,533000000.0,533000000.0,,1233000000.0,1233000000.0,,,0.0,,-449000000.0,,808000000.0,
2017-03-31,115648000000.0,36058000000.0,4934000000.0,4934000000.0,5801000000.0,,79590000000.0,36911000000.0,55173000000.0,23256000000.0,9157000000.0,14099000000.0,,11980000000.0,12361000000.0,2903000000.0,7443000000.0,48804000000.0,21305000000.0,3221000000.0,,5073000000.0,5073000000.0,27499000000.0,,20678000000.0,5073000000.0,20678000000.0,25751000000.0,6650000000.0,3658000000.0,66844000000.0,,40091000000.0,25890000000.0,4709000000.0,9160000000.0,14650000000.0,7853000000.0,5636000000.0,3632000000.0,2099000000.0,3311000000.0,5528000000.0,76000000.0,-146000000.0,,146000000.0,,1000000.0,1625000000.0,38000000.0,3815000000.0,851000000.0,146000000.0,2964000000.0,3721000000.0,3961000000.0,3999000000.0,2964000000.0,7796000000.0,97000000.0,,-1089000000.0,337000000.0,1946000000.0,1952000000.0,105000000.0,232000000.0,2964000000.0,-2778000000.0,-1746000000.0,,1242000000.0,1242000000.0,,1229000000.0,1229000000.0,,,,,-913000000.0,,-626000000.0,
2017-06-30,122107000000.0,40617000000.0,11687000000.0,11687000000.0,6324000000.0,,81490000000.0,38130000000.0,56520000000.0,22969000000.0,8867000000.0,14102000000.0,,10385000000.0,14242000000.0,2967000000.0,10006000000.0,53482000000.0,18782000000.0,3671000000.0,,4130000000.0,4130000000.0,34700000000.0,,32059000000.0,4125000000.0,27855000000.0,31985000000.0,6227000000.0,3469000000.0,68625000000.0,,41670000000.0,25781000000.0,4699000000.0,9096000000.0,14607000000.0,7659000000.0,5667000000.0,3842000000.0,1850000000.0,3262000000.0,5254000000.0,136000000.0,-156000000.0,,156000000.0,,408000000.0,1675000000.0,37000000.0,4572000000.0,1764000000.0,156000000.0,2808000000.0,3119000000.0,4728000000.0,4765000000.0,2808000000.0,2808000000.0,183000000.0,,412000000.0,1041000000.0,313000000.0,2778000000.0,513000000.0,528000000.0,2808000000.0,-1438000000.0,3484000000.0,,1276000000.0,1276000000.0,,1287000000.0,1287000000.0,,,0.0,,-1199000000.0,,6753000000.0,
2017-09-30,127088000000.0,33154000000.0,9075000000.0,17504000000.0,6929000000.0,5954000000.0,108505000000.0,39472000000.0,58048000000.0,37447000000.0,13058000000.0,24389000000.0,28832000000.0,14028000000.0,8429000000.0,2767000000.0,7112000000.0,56152000000.0,20689000000.0,3554000000.0,1706000000.0,4142000000.0,4142000000.0,34593000000.0,,31702000000.0,4129000000.0,27498000000.0,31640000000.0,7590000000.0,4152000000.0,70936000000.0,,42779000000.0,26547000000.0,4680000000.0,10064000000.0,15958000000.0,7811000000.0,6085000000.0,5141000000.0,1661000000.0,3209000000.0,4923000000.0,137000000.0,-191000000.0,,191000000.0,16149000000.0,-3000000.0,1690000000.0,49000000.0,5930000000.0,1414000000.0,191000000.0,4516000000.0,4952000000.0,6121000000.0,6170000000.0,4516000000.0,4516000000.0,106000000.0,,297000000.0,995000000.0,365000000.0,2979000000.0,510000000.0,485000000.0,4516000000.0,-6316000000.0,-2560000000.0,7000000.0,1093000000.0,1093000000.0,,1278000000.0,1278000000.0,,,638000000.0,,-862000000.0,,-2612000000.0,
2017-12-31,123249000000.0,29500000000.0,3433000000.0,14002000000.0,6983000000.0,5678000000.0,107013000000.0,41109000000.0,59286000000.0,37134000000.0,12745000000.0,24389000000.0,24418000000.0,12404000000.0,10569000000.0,2908000000.0,3215000000.0,53596000000.0,17421000000.0,2928000000.0,1656000000.0,1776000000.0,37000000.0,40012000000.0,,26776000000.0,1739000000.0,25037000000.0,26813000000.0,7535000000.0,3791000000.0,69653000000.0,,42083000000.0,26074000000.0,4687000000.0,10778000000.0,19007000000.0,8384000000.0,6275000000.0,5435000000.0,1842000000.0,3253000000.0,5343000000.0,92000000.0,-153000000.0,,153000000.0,-43601000000.0,-550000000.0,1762000000.0,53000000.0,6035000000.0,6722000000.0,629000000.0,-687000000.0,-1435000000.0,6188000000.0,6241000000.0,-687000000.0,-7628000000.0,238000000.0,,498000000.0,-292000000.0,2140000000.0,4069000000.0,-347000000.0,55000000.0,-687000000.0,-5230000000.0,-7653000000.0,,4000000.0,4000000.0,,1278000000.0,1278000000.0,,,0.0,,129000000.0,,-5642000000.0,
2018-03-31,128596000000.0,31630000000.0,3554000000.0,16197000000.0,7146000000.0,4879000000.0,97614000000.0,43735000000.0,60665000000.0,36701000000.0,12355000000.0,24346000000.0,9898000000.0,8240000000.0,12643000000.0,3408000000.0,3614000000.0,58431000000.0,19961000000.0,4415000000.0,0.0,3842000000.0,3842000000.0,35190000000.0,,24770000000.0,28612000000.0,24770000000.0,28612000000.0,9586000000.0,3082000000.0,70165000000.0,,44418000000.0,26430000000.0,4660000000.0,9731000000.0,16678000000.0,8285000000.0,6335000000.0,4470000000.0,1900000000.0,3311000000.0,5261000000.0,91000000.0,-112000000.0,,112000000.0,724000000.0,-81000000.0,1806000000.0,50000000.0,5011000000.0,557000000.0,112000000.0,4454000000.0,4699000000.0,5123000000.0,5173000000.0,4454000000.0,12568000000.0,60000000.0,,365000000.0,-6000000.0,2196000000.0,2910000000.0,-102000000.0,96000000.0,4454000000.0,-4791000000.0,-1372000000.0,0.0,1914000000.0,1914000000.0,,1400000000.0,1400000000.0,,,0.0,,-1625000000.0,,121000000.0,
2018-06-30,125972000000.0,27603000000.0,2614000000.0,12225000000.0,7344000000.0,4636000000.0,98666000000.0,45914000000.0,62071000000.0,36449000000.0,12098000000.0,24351000000.0,9522000000.0,7884000000.0,9611000000.0,3398000000.0,3690000000.0,55925000000.0,17571000000.0,4143000000.0,0.0,3510000000.0,3510000000.0,35307000000.0,,24632000000.0,28142000000.0,24632000000.0,28142000000.0,7317000000.0,3391000000.0,70047000000.0,,45666000000.0,25470000000.0,4611000000.0,10419000000.0,16713000000.0,8318000000.0,6543000000.0,5273000000.0,1725000000.0,3371000000.0,5146000000.0,108000000.0,-116000000.0,,116000000.0,-133000000.0,467000000.0,1730000000.0,50000000.0,5529000000.0,523000000.0,116000000.0,5006000000.0,4600000000.0,5645000000.0,5695000000.0,5006000000.0,5006000000.0,149000000.0,,605000000.0,-60000000.0,392000000.0,4530000000.0,-267000000.0,207000000.0,5006000000.0,-1193000000.0,-7160000000.0,-151000000.0,3893000000.0,3893000000.0,,1400000000.0,1400000000.0,,,0.0,,-3862000000.0,,-940000000.0,
2018-09-30,128242000000.0,29590000000.0,3407000000.0,6048000000.0,7401000000.0,5457000000.0,94662000000.0,47071000000.0,63684000000.0,36513000000.0,12007000000.0,24506000000.0,19182000000.0,5196000000.0,2641000000.0,3546000000.0,3955000000.0,56759000000.0,19574000000.0,3593000000.0,,3051000000.0,3051000000.0,35185000000.0,,24823000000.0,,24823000000.0,27874000000.0,9835000000.0,3263000000.0,71483000000.0,,47094000000.0,25492000000.0,4564000000.0,12360000000.0,18829000000.0,8386000000.0,6803000000.0,7349000000.0,1605000000.0,3428000000.0,5011000000.0,109000000.0,-109000000.0,,109000000.0,18938000000.0,-132000000.0,1884000000.0,50000000.0,7142000000.0,744000000.0,109000000.0,6398000000.0,6384000000.0,7251000000.0,7301000000.0,6398000000.0,-4862000000.0,107000000.0,,131000000.0,877000000.0,390000000.0,3851000000.0,818000000.0,59000000.0,6398000000.0,-3435000000.0,-4607000000.0,,2657000000.0,2657000000.0,,1373000000.0,1373000000.0,,,423000000.0,,-2432000000.0,,793000000.0,
2018-12-31,127963000000.0,28787000000.0,3019000000.0,5807000000.0,7253000000.0,6884000000.0,96744000000.0,48976000000.0,65342000000.0,36349000000.0,11836000000.0,24513000000.0,16370000000.0,5012000000.0,2788000000.0,3162000000.0,4421000000.0,53400000000.0,16626000000.0,3824000000.0,4758000000.0,1261000000.0,500000000.0,36355000000.0,,25859000000.0,761000000.0,25098000000.0,26359000000.0,7919000000.0,2646000000.0,74563000000.0,,50172000000.0,25365000000.0,4516000000.0,11227000000.0,18495000000.0,9000000000.0,7430000000.0,6224000000.0,1720000000.0,3433000000.0,5003000000.0,130000000.0,-131000000.0,,131000000.0,18626000000.0,-98000000.0,2100000000.0,50000000.0,5635000000.0,440000000.0,180000000.0,5195000000.0,5324000000.0,5766000000.0,5816000000.0,5195000000.0,6900000000.0,132000000.0,,217000000.0,962000000.0,2493000000.0,3890000000.0,1265000000.0,-148000000.0,5195000000.0,-1820000000.0,-5468000000.0,,2266000000.0,2266000000.0,,1368000000.0,1368000000.0,,,0.0,,-2256000000.0,,-388000000.0,
2019-03-31,129458000000.0,29060000000.0,3154000000.0,5852000000.0,7765000000.0,6957000000.0,96713000000.0,50040000000.0,67438000000.0,35978000000.0,11457000000.0,24521000000.0,15999000000.0,5034000000.0,2698000000.0,2305000000.0,5661000000.0,55797000000.0,18911000000.0,4059000000.0,,2750000000.0,2750000000.0,35090000000.0,,25737000000.0,2750000000.0,25737000000.0,28487000000.0,10118000000.0,2797000000.0,73661000000.0,,49128000000.0,25346000000.0,4477000000.0,9089000000.0,15733000000.0,8555000000.0,6972000000.0,4174000000.0,1583000000.0,3332000000.0,4915000000.0,135000000.0,-138000000.0,135000000.0,138000000.0,15871000000.0,-58000000.0,2229000000.0,50000000.0,4547000000.0,573000000.0,138000000.0,3974000000.0,4135000000.0,4685000000.0,4735000000.0,3974000000.0,4959000000.0,109000000.0,,-1652000000.0,747000000.0,2625000000.0,3321000000.0,235000000.0,512000000.0,3974000000.0,-2722000000.0,-2102000000.0,,2530000000.0,2530000000.0,,1414000000.0,1414000000.0,,,135000000.0,,-2240000000.0,,135000000.0,
2019-06-30,130759000000.0,29239000000.0,2867000000.0,5281000000.0,8696000000.0,6233000000.0,98189000000.0,51377000000.0,69227000000.0,35832000000.0,11249000000.0,24583000000.0,16256000000.0,4875000000.0,2414000000.0,2366000000.0,6105000000.0,55812000000.0,19705000000.0,4682000000.0,,3726000000.0,3726000000.0,34077000000.0,,25089000000.0,3726000000.0,25089000000.0,28815000000.0,8743000000.0,2583000000.0,74947000000.0,,50429000000.0,25140000000.0,4430000000.0,9878000000.0,16337000000.0,8450000000.0,6627000000.0,4617000000.0,1639000000.0,3438000000.0,5261000000.0,125000000.0,-135000000.0,125000000.0,135000000.0,16472000000.0,-53000000.0,2150000000.0,50000000.0,4724000000.0,545000000.0,135000000.0,4179000000.0,4370000000.0,4859000000.0,4909000000.0,4179000000.0,7587000000.0,134000000.0,,627000000.0,206000000.0,2554000000.0,3554000000.0,-725000000.0,931000000.0,4179000000.0,-3288000000.0,-4586000000.0,,3049000000.0,3049000000.0,,1414000000.0,1414000000.0,,,466000000.0,,-3034000000.0,,-287000000.0,
2019-09-30,133768000000.0,29957000000.0,3935000000.0,5784000000.0,8638000000.0,6880000000.0,100172000000.0,53563000000.0,71183000000.0,35746000000.0,11019000000.0,24727000000.0,16239000000.0,4608000000.0,1849000000.0,2414000000.0,6255000000.0,59526000000.0,25064000000.0,4809000000.0,3506000000.0,5200000000.0,5200000000.0,32600000000.0,,23707000000.0,5200000000.0,23707000000.0,28907000000.0,11835000000.0,2506000000.0,74242000000.0,,49674000000.0,25290000000.0,4350000000.0,11295000000.0,19029000000.0,9535000000.0,7895000000.0,6447000000.0,1536000000.0,3208000000.0,4848000000.0,114000000.0,-107000000.0,114000000.0,107000000.0,19136000000.0,-53000000.0,2268000000.0,50000000.0,6719000000.0,729000000.0,107000000.0,5990000000.0,5890000000.0,6826000000.0,6876000000.0,5990000000.0,10711000000.0,69000000.0,,714000000.0,579000000.0,2679000000.0,4672000000.0,646000000.0,-67000000.0,5990000000.0,-3910000000.0,-5733000000.0,,4521000000.0,4521000000.0,,1386000000.0,1386000000.0,,,49000000.0,,-4029000000.0,,1068000000.0,
2019-12-31,136524000000.0,31239000000.0,4194000000.0,1082000000.0,8744000000.0,7735000000.0,103550000000.0,55386000000.0,73321000000.0,37103000000.0,10827000000.0,26276000000.0,15851000000.0,3313000000.0,1082000000.0,1713000000.0,5553000000.0,59020000000.0,22310000000.0,4128000000.0,3409000000.0,3693000000.0,3693000000.0,34511000000.0,,29003000000.0,3700000000.0,25308000000.0,29003000000.0,10636000000.0,2916000000.0,77504000000.0,,53523000000.0,25261000000.0,4290000000.0,11878000000.0,19998000000.0,10028000000.0,8331000000.0,6797000000.0,1592000000.0,3384000000.0,5081000000.0,109000000.0,-108000000.0,109000000.0,108000000.0,20106000000.0,653000000.0,2557000000.0,50000000.0,8068000000.0,1163000000.0,108000000.0,6905000000.0,6347000000.0,8176000000.0,8226000000.0,6905000000.0,9888000000.0,157000000.0,,316000000.0,1776000000.0,2968000000.0,4666000000.0,779000000.0,105000000.0,6905000000.0,-4485000000.0,-5144000000.0,,3476000000.0,3476000000.0,,1362000000.0,1362000000.0,,,2742000000.0,,-3523000000.0,,259000000.0,
2020-03-31,147710000000.0,41501000000.0,11380000000.0,12676000000.0,9246000000.0,8455000000.0,102357000000.0,56770000000.0,75686000000.0,36705000000.0,10429000000.0,26276000000.0,24433000000.0,2971000000.0,1296000000.0,2997000000.0,5911000000.0,71356000000.0,23895000000.0,4638000000.0,3342000000.0,3464000000.0,3464000000.0,47461000000.0,,39919000000.0,3500000000.0,36455000000.0,39919000000.0,13435000000.0,2975000000.0,76354000000.0,,52644000000.0,25251000000.0,4234000000.0,12016000000.0,19686000000.0,9942000000.0,7812000000.0,7038000000.0,1541000000.0,3275000000.0,4978000000.0,93000000.0,-135000000.0,93000000.0,135000000.0,19821000000.0,-271000000.0,2623000000.0,427000000.0,6614000000.0,953000000.0,135000000.0,5661000000.0,5400000000.0,6749000000.0,7176000000.0,5661000000.0,6158000000.0,67000000.0,,-1470000000.0,1344000000.0,3050000000.0,3268000000.0,796000000.0,548000000.0,5661000000.0,-3736000000.0,4764000000.0,0.0,4229000000.0,4229000000.0,,1408000000.0,1408000000.0,,,10247000000.0,,-3726000000.0,,7186000000.0,
2020-06-30,152539000000.0,44390000000.0,8736000000.0,13527000000.0,8969000000.0,7441000000.0,104266000000.0,58036000000.0,77988000000.0,37246000000.0,10303000000.0,26943000000.0,29272000000.0,2902000000.0,4791000000.0,2165000000.0,6082000000.0,70529000000.0,22481000000.0,5045000000.0,3252000000.0,2254000000.0,2254000000.0,48048000000.0,,38347000000.0,2300000000.0,36093000000.0,38347000000.0,12349000000.0,3108000000.0,82010000000.0,,57646000000.0,25516000000.0,4253000000.0,10507000000.0,19487000000.0,10677000000.0,9221000000.0,5697000000.0,1447000000.0,3354000000.0,4810000000.0,83000000.0,-186000000.0,83000000.0,186000000.0,19673000000.0,74000000.0,2625000000.0,438000000.0,5935000000.0,830000000.0,186000000.0,5105000000.0,5494000000.0,6121000000.0,6559000000.0,5105000000.0,11157000000.0,185000000.0,,598000000.0,-1297000000.0,3063000000.0,3408000000.0,-1020000000.0,-277000000.0,5105000000.0,-10610000000.0,-3191000000.0,0.0,0.0,0.0,,1403000000.0,1403000000.0,,,0.0,,9000000.0,,5105000000.0,
2020-09-30,145261000000.0,36785000000.0,3356000000.0,6343000000.0,9273000000.0,7140000000.0,104806000000.0,59205000000.0,80084000000.0,36836000000.0,9881000000.0,26955000000.0,21632000000.0,2729000000.0,2987000000.0,2119000000.0,6036000000.0,70707000000.0,22112000000.0,5159000000.0,3359000000.0,504000000.0,504000000.0,48595000000.0,,36563000000.0,504000000.0,36059000000.0,36563000000.0,13252000000.0,3349000000.0,74554000000.0,,52159000000.0,23335000000.0,4098000000.0,9741000000.0,18161000000.0,10002000000.0,8592000000.0,5059000000.0,1435000000.0,3272000000.0,4682000000.0,53000000.0,-160000000.0,53000000.0,160000000.0,18321000000.0,33000000.0,2677000000.0,446000000.0,5041000000.0,765000000.0,160000000.0,4276000000.0,4488000000.0,5201000000.0,5647000000.0,4276000000.0,8179000000.0,207000000.0,,648000000.0,-2000000.0,3123000000.0,3716000000.0,-301000000.0,299000000.0,4276000000.0,-766000000.0,-12793000000.0,0.0,8000000000.0,8000000000.0,,1404000000.0,1404000000.0,,,0.0,,-7615000000.0,,4276000000.0,
2020-12-31,153091000000.0,47249000000.0,5865000000.0,2292000000.0,8427000000.0,6913000000.0,103760000000.0,56584000000.0,77645000000.0,35997000000.0,9026000000.0,26971000000.0,27772000000.0,2210000000.0,2292000000.0,2745000000.0,5917000000.0,72018000000.0,24754000000.0,5581000000.0,3242000000.0,2504000000.0,2504000000.0,43456000000.0,,36401000000.0,2500000000.0,33897000000.0,36401000000.0,12670000000.0,3614000000.0,81073000000.0,,56233000000.0,25556000000.0,4062000000.0,11348000000.0,19663000000.0,10885000000.0,8630000000.0,5884000000.0,1757000000.0,3655000000.0,5464000000.0,43000000.0,-148000000.0,43000000.0,148000000.0,19811000000.0,17000000.0,2557000000.0,446000000.0,7488000000.0,1631000000.0,148000000.0,5857000000.0,6046000000.0,7636000000.0,8082000000.0,5857000000.0,10370000000.0,135000000.0,,918000000.0,1516000000.0,3003000000.0,3867000000.0,-358000000.0,117000000.0,5857000000.0,-6412000000.0,-1449000000.0,,2000000000.0,2000000000.0,,1353000000.0,1353000000.0,,,0.0,,-2000000000.0,,2509000000.0,
2021-03-31,150622000000.0,45773000000.0,5192000000.0,7609000000.0,8487000000.0,7208000000.0,99462000000.0,57330000000.0,79778000000.0,35379000000.0,8408000000.0,26971000000.0,24918000000.0,1426000000.0,2417000000.0,2124000000.0,5327000000.0,70815000000.0,24151000000.0,5434000000.0,486000000.0,2647000000.0,2647000000.0,46664000000.0,,33237000000.0,2647000000.0,33237000000.0,35884000000.0,13313000000.0,5322000000.0,79807000000.0,,54638000000.0,26272000000.0,4038000000.0,10854000000.0,19398000000.0,12804000000.0,8819000000.0,3694000000.0,1328000000.0,3623000000.0,7160000000.0,37000000.0,-190000000.0,37000000.0,190000000.0,19588000000.0,-3000000.0,2454000000.0,448000000.0,3906000000.0,545000000.0,190000000.0,3361000000.0,3009000000.0,4096000000.0,4544000000.0,3361000000.0,5348000000.0,161000000.0,,-2546000000.0,246000000.0,2902000000.0,3972000000.0,426000000.0,-180000000.0,3361000000.0,-2001000000.0,-4020000000.0,,2301000000.0,2301000000.0,,1411000000.0,1411000000.0,,,0.0,,-1736000000.0,,-673000000.0,
2021-06-30,154597000000.0,49372000000.0,4746000000.0,7760000000.0,8817000000.0,7460000000.0,99587000000.0,58166000000.0,81558000000.0,34786000000.0,8018000000.0,26768000000.0,27024000000.0,1279000000.0,3014000000.0,2421000000.0,5356000000.0,69390000000.0,24836000000.0,5917000000.0,417000000.0,3695000000.0,3695000000.0,44554000000.0,,31714000000.0,3695000000.0,31714000000.0,35409000000.0,12048000000.0,5329000000.0,85207000000.0,,59647000000.0,26655000000.0,4057000000.0,11206000000.0,19476000000.0,10370000000.0,8425000000.0,5546000000.0,1599000000.0,3715000000.0,5660000000.0,37000000.0,-129000000.0,37000000.0,129000000.0,19605000000.0,-4000000.0,2408000000.0,449000000.0,5745000000.0,684000000.0,129000000.0,5061000000.0,5069000000.0,5874000000.0,6323000000.0,5061000000.0,8801000000.0,122000000.0,,564000000.0,558000000.0,2857000000.0,3602000000.0,252000000.0,306000000.0,5061000000.0,-6913000000.0,-2334000000.0,,114000000.0,114000000.0,,1410000000.0,1410000000.0,,,0.0,,-90000000.0,,5061000000.0,
2021-09-30,167962000000.0,61304000000.0,7870000000.0,11874000000.0,9798000000.0,8400000000.0,100624000000.0,59733000000.0,83424000000.0,34470000000.0,7684000000.0,26786000000.0,40917000000.0,969000000.0,4004000000.0,2073000000.0,5452000000.0,77875000000.0,29572000000.0,6792000000.0,413000000.0,4694000000.0,4694000000.0,48303000000.0,,40304000000.0,4700000000.0,35610000000.0,40304000000.0,14060000000.0,5389000000.0,90087000000.0,,63642000000.0,27592000000.0,4067000000.0,10746000000.0,19002000000.0,10162000000.0,8446000000.0,5227000000.0,1674000000.0,3803000000.0,5519000000.0,37000000.0,-144000000.0,37000000.0,144000000.0,19146000000.0,31000000.0,2495000000.0,464000000.0,6858000000.0,35000000.0,144000000.0,6823000000.0,6771000000.0,7002000000.0,7466000000.0,6823000000.0,9904000000.0,-12000000.0,,1484000000.0,2026000000.0,2959000000.0,4005000000.0,940000000.0,1086000000.0,6823000000.0,-10629000000.0,3849000000.0,,0.0,0.0,,1410000000.0,1410000000.0,,,4974000000.0,,427000000.0,,6823000000.0,
2021-12-31,168406000000.0,58558000000.0,4827000000.0,2103000000.0,10776000000.0,9480000000.0,105280000000.0,63245000000.0,85294000000.0,34233000000.0,7270000000.0,26963000000.0,34195000000.0,856000000.0,2103000000.0,2130000000.0,6072000000.0,73015000000.0,27462000000.0,5747000000.0,683000000.0,4591000000.0,0.0,45553000000.0,,38101000000.0,4591000000.0,33510000000.0,38101000000.0,11513000000.0,5071000000.0,95391000000.0,,68265000000.0,28006000000.0,4070000000.0,11009000000.0,20324000000.0,238000000.0,9519000000.0,4989000000.0,1942000000.0,4049000000.0,6020000000.0,33000000.0,-134000000.0,33000000.0,134000000.0,20458000000.0,-53000000.0,2596000000.0,478000000.0,5194000000.0,571000000.0,134000000.0,-476000000.0,4890000000.0,5328000000.0,5806000000.0,4623000000.0,5403000000.0,274000000.0,,620000000.0,3641000000.0,3074000000.0,7154000000.0,1056000000.0,1127000000.0,4623000000.0,-4906000000.0,-3540000000.0,,0.0,0.0,,1413000000.0,1413000000.0,,,0.0,,4000000.0,,-3043000000.0,
2022-03-31,176356000000.0,62568000000.0,6215000000.0,6215000000.0,11935000000.0,,113788000000.0,153814000000.0,87096000000.0,33824000000.0,6813000000.0,27011000000.0,,6036000000.0,32481000000.0,4627000000.0,7210000000.0,73220000000.0,29322000000.0,7210000000.0,,4459000000.0,4459000000.0,43898000000.0,,32788000000.0,4459000000.0,32788000000.0,37247000000.0,14922000000.0,5191000000.0,103136000000.0,,74894000000.0,29244000000.0,4089000000.0,9244000000.0,18623000000.0,10151000000.0,9109000000.0,4341000000.0,1752000000.0,4362000000.0,4903000000.0,47000000.0,-124000000.0,1121000000.0,124000000.0,18747000000.0,1074000000.0,2847000000.0,501000000.0,9661000000.0,1548000000.0,124000000.0,8113000000.0,7991000000.0,9785000000.0,10286000000.0,8113000000.0,5891000000.0,177000000.0,,-2012000000.0,-1237000000.0,3348000000.0,4604000000.0,-2384000000.0,1147000000.0,8113000000.0,-2639000000.0,-1864000000.0,,0.0,,,1487000000.0,1487000000.0,,,0.0,,589000000.0,,1388000000.0,
2022-06-30,170418000000.0,50588000000.0,4390000000.0,4390000000.0,12174000000.0,,119830000000.0,160823000000.0,89163000000.0,34014000000.0,6427000000.0,27587000000.0,,5929000000.0,22654000000.0,5275000000.0,8227000000.0,69200000000.0,27218000000.0,7945000000.0,,2882000000.0,2882000000.0,41982000000.0,,32548000000.0,2882000000.0,32548000000.0,35430000000.0,13661000000.0,5178000000.0,101218000000.0,,72985000000.0,29858000000.0,4106000000.0,5587000000.0,14193000000.0,11621000000.0,9734000000.0,-700000000.0,1800000000.0,4400000000.0,6287000000.0,98000000.0,-109000000.0,98000000.0,109000000.0,14302000000.0,-108000000.0,2681000000.0,467000000.0,-909000000.0,-455000000.0,109000000.0,-454000000.0,-1077000000.0,-800000000.0,-333000000.0,-454000000.0,809000000.0,37000000.0,,144000000.0,-774000000.0,3148000000.0,7242000000.0,-1013000000.0,239000000.0,-454000000.0,220000000.0,-2854000000.0,,0.0,,,1499000000.0,1499000000.0,,,0.0,,-589000000.0,,-1825000000.0,
2022-09-30,174841000000.0,49263000000.0,4529000000.0,4529000000.0,12831000000.0,,125578000000.0,167180000000.0,91417000000.0,33859000000.0,6268000000.0,27591000000.0,,5822000000.0,18030000000.0,6348000000.0,10134000000.0,74956000000.0,27813000000.0,7133000000.0,,2283000000.0,2283000000.0,47143000000.0,,37240000000.0,2283000000.0,37240000000.0,39523000000.0,14976000000.0,5760000000.0,99885000000.0,,71024000000.0,30912000000.0,4127000000.0,6535000000.0,16086000000.0,11211000000.0,8803000000.0,-175000000.0,1744000000.0,4302000000.0,6710000000.0,170000000.0,-114000000.0,170000000.0,114000000.0,16200000000.0,82000000.0,2781000000.0,471000000.0,-188000000.0,-1207000000.0,114000000.0,1019000000.0,593000000.0,-74000000.0,397000000.0,1019000000.0,1030000000.0,101000000.0,,-529000000.0,2063000000.0,3252000000.0,7299000000.0,1406000000.0,657000000.0,1019000000.0,-4571000000.0,3680000000.0,,0.0,,,1502000000.0,1502000000.0,,,6103000000.0,,-383000000.0,,139000000.0,
2022-12-31,182103000000.0,50407000000.0,11144000000.0,17194000000.0,13224000000.0,4271000000.0,129731000000.0,80860000000.0,93386000000.0,33609000000.0,6018000000.0,27591000000.0,32335000000.0,10000000.0,17194000000.0,4712000000.0,11315000000.0,80680000000.0,32155000000.0,9595000000.0,,4367000000.0,3900000000.0,46662000000.0,,38107000000.0,423000000.0,37684000000.0,42007000000.0,11858000000.0,8978000000.0,101423000000.0,,70405000000.0,31580000000.0,4137000000.0,5500000000.0,11331000000.0,11178000000.0,8542000000.0,-1132000000.0,1706000000.0,4464000000.0,6632000000.0,274000000.0,-149000000.0,274000000.0,149000000.0,11480000000.0,25000000.0,2819000000.0,468000000.0,-799000000.0,-135000000.0,149000000.0,-661000000.0,825000000.0,-650000000.0,-182000000.0,-664000000.0,7703000000.0,309000000.0,,811000000.0,1311000000.0,3287000000.0,5699000000.0,-3336000000.0,393000000.0,-661000000.0,-3487000000.0,2399000000.0,0.0,0.0,0.0,,1509000000.0,1509000000.0,,,445000000.0,,0.0,,6615000000.0,
2023-03-31,185303000000.0,48314000000.0,8232000000.0,8232000000.0,12993000000.0,,136989000000.0,180284000000.0,94550000000.0,33158000000.0,5567000000.0,27591000000.0,,6029000000.0,19302000000.0,3940000000.0,12068000000.0,87244000000.0,27393000000.0,8083000000.0,,1437000000.0,1437000000.0,57507000000.0,,48836000000.0,1437000000.0,48836000000.0,50273000000.0,11330000000.0,4840000000.0,98059000000.0,,65649000000.0,32829000000.0,4154000000.0,4008000000.0,11612000000.0,9539000000.0,7707000000.0,-1468000000.0,1303000000.0,4109000000.0,5476000000.0,334000000.0,-193000000.0,334000000.0,193000000.0,11805000000.0,0.0,1901000000.0,465000000.0,-1148000000.0,1610000000.0,193000000.0,-2768000000.0,-2615000000.0,-955000000.0,-490000000.0,-2758000000.0,-1785000000.0,239000000.0,,-2331000000.0,-517000000.0,2366000000.0,7413000000.0,-286000000.0,-231000000.0,-2768000000.0,-8521000000.0,7394000000.0,-2930000000.0,,,,1512000000.0,1512000000.0,,,10968000000.0,,659000000.0,,-2912000000.0,
2023-06-30,185629000000.0,43356000000.0,8349000000.0,15908000000.0,11984000000.0,2996000000.0,142273000000.0,186726000000.0,95781000000.0,32764000000.0,5173000000.0,27591000000.0,28581000000.0,9000000.0,15908000000.0,4119000000.0,12671000000.0,84612000000.0,27180000000.0,8757000000.0,,2711000000.0,2711000000.0,53978000000.0,,46335000000.0,2711000000.0,46335000000.0,49046000000.0,10656000000.0,7643000000.0,101017000000.0,,67231000000.0,34330000000.0,4182000000.0,4638000000.0,12580000000.0,9885000000.0,8311000000.0,-1016000000.0,1374000000.0,4080000000.0,5654000000.0,313000000.0,-214000000.0,200000000.0,214000000.0,12794000000.0,125000000.0,1832000000.0,444000000.0,-808000000.0,-2289000000.0,214000000.0,1473000000.0,1356000000.0,-594000000.0,-150000000.0,1481000000.0,2808000000.0,154000000.0,,-111000000.0,-1860000000.0,2276000000.0,5888000000.0,-851000000.0,-1009000000.0,1473000000.0,-2808000000.0,117000000.0,-3900000000.0,0.0,0.0,,524000000.0,524000000.0,,,0.0,,0.0,,117000000.0,
2023-09-30,188837000000.0,43811000000.0,7621000000.0,17409000000.0,11466000000.0,2843000000.0,145026000000.0,190474000000.0,97122000000.0,32561000000.0,4970000000.0,27591000000.0,28898000000.0,5000000.0,17409000000.0,4472000000.0,13413000000.0,87024000000.0,28614000000.0,8669000000.0,,2288000000.0,2288000000.0,54537000000.0,,46591000000.0,2288000000.0,46591000000.0,48879000000.0,12430000000.0,7946000000.0,101813000000.0,,67021000000.0,35653000000.0,4216000000.0,6018000000.0,14295000000.0,10296000000.0,8140000000.0,-8000000.0,1340000000.0,3870000000.0,6026000000.0,332000000.0,-204000000.0,63000000.0,204000000.0,14499000000.0,19000000.0,2020000000.0,427000000.0,-65000000.0,-362000000.0,204000000.0,310000000.0,-20000000.0,139000000.0,566000000.0,297000000.0,5824000000.0,575000000.0,,189000000.0,-671000000.0,2447000000.0,5753000000.0,-153000000.0,-518000000.0,310000000.0,-7394000000.0,842000000.0,-3900000000.0,0.0,0.0,,525000000.0,525000000.0,,,423000000.0,,0.0,,,
2023-12-31,191572000000.0,43269000000.0,7079000000.0,17955000000.0,11127000000.0,3461000000.0,51796000000.0,96647000000.0,98010000000.0,32180000000.0,4589000000.0,27591000000.0,22999000000.0,5000000.0,17955000000.0,3706000000.0,13647000000.0,85982000000.0,28053000000.0,8578000000.0,,2300000000.0,0.0,56340000000.0,,49266000000.0,2288000000.0,46978000000.0,49266000000.0,12425000000.0,6576000000.0,105590000000.0,,69156000000.0,36649000000.0,4228000000.0,7047000000.0,16019000000.0,9253000000.0,8359000000.0,2585000000.0,1617000000.0,3987000000.0,4462000000.0,356000000.0,-267000000.0,356000000.0,267000000.0,16286000000.0,28000000.0,2094000000.0,419000000.0,2797000000.0,128000000.0,267000000.0,2660000000.0,3315000000.0,3064000000.0,3483000000.0,2669000000.0,4624000000.0,-355000000.0,,838000000.0,262000000.0,2513000000.0,6696000000.0,559000000.0,-339000000.0,2660000000.0,-5318000000.0,152000000.0,0.0,,,,527000000.0,527000000.0,,,0.0,,0.0,,,
2024-03-31,192733000000.0,42608000000.0,6923000000.0,14388000000.0,11494000000.0,3323000000.0,150125000000.0,199239000000.0,99315000000.0,32115000000.0,4675000000.0,27440000000.0,24615000000.0,4000000.0,14388000000.0,6480000000.0,11947000000.0,86760000000.0,27213000000.0,8559000000.0,,4581000000.0,793000000.0,54764000000.0,,47869000000.0,3788000000.0,47869000000.0,793000000.0,11221000000.0,6895000000.0,105973000000.0,,68224000000.0,38291000000.0,4257000000.0,5217000000.0,12773000000.0,9762000000.0,7507000000.0,-1069000000.0,1556000000.0,4382000000.0,6286000000.0,323000000.0,-258000000.0,323000000.0,258000000.0,13031000000.0,80000000.0,2200000000.0,351000000.0,-663000000.0,-282000000.0,258000000.0,-437000000.0,-708000000.0,-405000000.0,-54000000.0,-381000000.0,-1223000000.0,540000000.0,,-1675000000.0,286000000.0,2551000000.0,5970000000.0,-80000000.0,366000000.0,-437000000.0,-2563000000.0,3630000000.0,793000000.0,,,,529000000.0,529000000.0,,,2537000000.0,,626000000.0,,,
2024-06-30,206205000000.0,50829000000.0,11287000000.0,17986000000.0,11244000000.0,3131000000.0,155376000000.0,203571000000.0,100173000000.0,31825000000.0,4383000000.0,27442000000.0,31793000000.0,4000000.0,17986000000.0,7181000000.0,14329000000.0,90976000000.0,32027000000.0,9618000000.0,,4695000000.0,3200000000.0,53744000000.0,,48334000000.0,1495000000.0,48334000000.0,3200000000.0,13207000000.0,5410000000.0,115229000000.0,,66162000000.0,49763000000.0,4276000000.0,4547000000.0,12694000000.0,10558000000.0,8286000000.0,-1964000000.0,1329000000.0,4239000000.0,6511000000.0,320000000.0,80000000.0,320000000.0,374000000.0,12694000000.0,54000000.0,2203000000.0,366000000.0,-1960000000.0,-350000000.0,294000000.0,-1654000000.0,-1764000000.0,-1964000000.0,-1220000000.0,-1610000000.0,2292000000.0,-52000000.0,,550000000.0,-442000000.0,2569000000.0,5682000000.0,-192000000.0,-250000000.0,-1654000000.0,-9165000000.0,11237000000.0,-2600000000.0,,,,534000000.0,534000000.0,,,438000000.0,,5000000.0,,,
2024-09-30,193542000000.0,46137000000.0,8785000000.0,15301000000.0,12062000000.0,3121000000.0,147405000000.0,205372000000.0,101124000000.0,28655000000.0,3975000000.0,24680000000.0,26389000000.0,3000000.0,15301000000.0,6868000000.0,9006000000.0,94010000000.0,35159000000.0,11074000000.0,,3765000000.0,0.0,53519000000.0,,46471000000.0,3765000000.0,46471000000.0,50236000000.0,12865000000.0,7048000000.0,99532000000.0,,49052000000.0,50665000000.0,4292000000.0,1997000000.0,12878000000.0,18292000000.0,11287000000.0,-9057000000.0,1383000000.0,4049000000.0,11054000000.0,340000000.0,130000000.0,340000000.0,392000000.0,12878000000.0,38000000.0,3248000000.0,364000000.0,-8736000000.0,7903000000.0,248000000.0,-16989000000.0,-16128000000.0,-9057000000.0,-7980000000.0,-16639000000.0,4054000000.0,611000000.0,,3075000000.0,843000000.0,3612000000.0,6458000000.0,-10000000.0,853000000.0,-16989000000.0,-2764000000.0,-3792000000.0,-3146000000.0,,,,536000000.0,536000000.0,,,0.0,,355000000.0,,,
2024-12-31,196485000000.0,47324000000.0,8249000000.0,13813000000.0,12198000000.0,6078000000.0,36919000000.0,107919000000.0,,28384000000.0,3691000000.0,24693000000.0,19525000000.0,5383000000.0,13813000000.0,9586000000.0,7475000000.0,97215000000.0,35666000000.0,12556000000.0,,3700000000.0,0.0,58849000000.0,,50011000000.0,3729000000.0,46282000000.0,50011000000.0,14282000000.0,9505000000.0,99270000000.0,,49032000000.0,,4330000000.0,5584000000.0,14919000000.0,10319000000.0,8676000000.0,412000000.0,1239000000.0,3876000000.0,5172000000.0,262000000.0,626000000.0,822000000.0,400000000.0,14919000000.0,-157000000.0,2300000000.0,347000000.0,626000000.0,752000000.0,234000000.0,-153000000.0,-652000000.0,412000000.0,1373000000.0,-126000000.0,3165000000.0,-112000000.0,,-1534000000.0,739000000.0,2647000000.0,5834000000.0,357000000.0,136000000.0,-153000000.0,-3764000000.0,63000000.0,-49000000.0,,,,0.0,0.0,,,0.0,,1000000.0,,,
