fiscal_date_ending,total_assets,total_current_assets,cash_and_cash_equivalents,cash_and_short_term_investments,inventory,current_net_receivables,total_non_current_assets,property_plant_equipment,accumulated_depreciation_amortization_ppe,intangible_assets,intangible_assets_excluding_goodwill,goodwill,investments,long_term_investments,short_term_investments,other_current_assets,other_non_current_assets,total_liabilities,total_current_liabilities,current_accounts_payable,deferred_revenue,current_debt,short_term_debt,total_non_current_liabilities,capital_lease_obligations,long_term_debt,current_long_term_debt,long_term_debt_non_current,short_long_term_debt_total,other_current_liabilities,other_non_current_liabilities,total_shareholder_equity,treasury_stock,retained_earnings,common_stock,common_stock_shares_outstanding,gross_profit,total_revenue,cost_of_revenue,cost_of_goods_and_services_sold,operating_income,selling_general_and_administrative,research_and_development,operating_expenses,investment_income_net,net_interest_income,interest_income,interest_expense,non_interest_income,other_non_operating_income,depreciation,depreciation_and_amortization,income_before_tax,income_tax_expense,interest_and_debt_expense,net_income_from_continuing_operations,comprehensive_income_net_of_tax,ebit,ebitda,net_income,operating_cashflow,payments_for_operating_activities,proceeds_from_operating_activities,change_in_operating_liabilities,change_in_operating_assets,depreciation_depletion_and_amortization,capital_expenditures,change_in_receivables,change_in_inventory,profit_loss,cashflow_from_investment,cashflow_from_financing,proceeds_from_repayments_of_short_term_debt,payments_for_repurchase_of_common_stock,payments_for_repurchase_of_equity,payments_for_repurchase_of_preferred_stock,dividend_payout,dividend_payout_common_stock,dividend_payout_preferred_stock,proceeds_from_issuance_of_common_stock,proceeds_from_issuance_of_long_term_debt_and_capital_securities_net,proceeds_from_issuance_of_preferred_stock,proceeds_from_repurchase_of_equity,proceeds_from_sale_of_treasury_stock,change_in_cash_and_cash_equivalents,change_in_exchange_rate
2009-06-30,87438000000.0,35494000000.0,11686000000.0,11686000000.0,5472000000.0,,51944000000.0,14502000000.0,13909000000.0,28872000000.0,14720000000.0,14152000000.0,,18000000.0,3030000000.0,5173000000.0,2682000000.0,41191000000.0,19886000000.0,5832000000.0,,,5435000000.0,21305000000.0,,8179000000.0,,8179000000.0,13614000000.0,8109000000.0,4275000000.0,46247000000.0,19800000000.0,67408000000.0,3120000000.0,2756200000.0,10789000000.0,15239000000.0,4450000000.0,4450000000.0,4379000000.0,4797000000.0,1638000000.0,6435000000.0,,,,110000000.0,,6000000.0,,679000000.0,4263000000.0,1055000000.0,,3208000000.0,,4373000000.0,5052000000.0,3208000000.0,3363000000.0,,,,,679000000.0,567000000.0,,675000000.0,3208000000.0,-2303000000.0,-2060000000.0,,289000000.0,,,1350000000.0,1350000000.0,,,,,-289000000.0,,-903000000.0,97000000.0
2009-09-30,91558000000.0,35602000000.0,11856000000.0,14337000000.0,5568000000.0,,55956000000.0,14815000000.0,14637000000.0,31653000000.0,16636000000.0,15017000000.0,,19000000.0,2481000000.0,5418000000.0,3581000000.0,41174000000.0,19245000000.0,6419000000.0,,,3341000000.0,21929000000.0,,8259000000.0,,8259000000.0,11600000000.0,8456000000.0,5054000000.0,50384000000.0,19546000000.0,69471000000.0,3120000000.0,2756300000.0,10647000000.0,14939000000.0,9201000000.0,4434000000.0,4263000000.0,4767000000.0,1617000000.0,6526000000.0,28000000.0,-142000000.0,,142000000.0,,96000000.0,,675000000.0,4245000000.0,900000000.0,142000000.0,3345000000.0,3345000000.0,4387000000.0,5062000000.0,3345000000.0,5094000000.0,,,,,675000000.0,519000000.0,,-89000000.0,3345000000.0,-1855000000.0,-3242000000.0,,49000000.0,,,1351000000.0,1351000000.0,,,,,-49000000.0,,170000000.0,173000000.0
2009-12-31,94682000000.0,39541000000.0,15810000000.0,19425000000.0,5180000000.0,,45154000000.0,14759000000.0,14492000000.0,31185000000.0,16323000000.0,14862000000.0,,,3615000000.0,5290000000.0,3690000000.0,44094000000.0,21731000000.0,5541000000.0,,,6318000000.0,22363000000.0,,8257000000.0,34000000.0,8223000000.0,14541000000.0,9430000000.0,5947000000.0,50588000000.0,19780000000.0,70306000000.0,3120000000.0,2758000000.0,11239000000.0,16551000000.0,1374000000.0,113000000.0,3355000000.0,5629000000.0,2213000000.0,1261000000.0,12000000.0,-93000000.0,,93000000.0,,361000000.0,,744000000.0,2604000000.0,398000000.0,93000000.0,-2635000000.0,-2635000000.0,2697000000.0,3441000000.0,2206000000.0,5287000000.0,,,1063000000.0,-1411000000.0,744000000.0,844000000.0,-392000000.0,-345000000.0,2206000000.0,-2364000000.0,1078000000.0,2802000000.0,958000000.0,958000000.0,,1353000000.0,1353000000.0,,,,,-376000000.0,,3954000000.0,-47000000.0
2010-03-31,93441000000.0,38861000000.0,13743000000.0,13743000000.0,5308000000.0,,54580000000.0,14277000000.0,14686000000.0,31776000000.0,16799000000.0,14977000000.0,,,4267000000.0,5525000000.0,3622000000.0,40527000000.0,18499000000.0,5126000000.0,,,4044000000.0,22028000000.0,,8059000000.0,,8059000000.0,12103000000.0,7956000000.0,6043000000.0,52914000000.0,19553000000.0,73184000000.0,3120000000.0,2755400000.0,11103000000.0,15631000000.0,9307000000.0,4528000000.0,6457000000.0,4779000000.0,1557000000.0,6522000000.0,27000000.0,-108000000.0,,108000000.0,,1594000000.0,,734000000.0,6280000000.0,1754000000.0,108000000.0,6280000000.0,4526000000.0,6388000000.0,5528000000.0,4526000000.0,3690000000.0,,,-955000000.0,1810000000.0,734000000.0,397000000.0,529000000.0,193000000.0,4526000000.0,-1882000000.0,-3822000000.0,-2328000000.0,383000000.0,383000000.0,,1350000000.0,1350000000.0,,,,,-136000000.0,,-2067000000.0,-53000000.0
2010-06-30,92300000000.0,39023000000.0,12713000000.0,12713000000.0,5071000000.0,,53277000000.0,13881000000.0,14618000000.0,31087000000.0,16459000000.0,14628000000.0,,,6188000000.0,5422000000.0,3200000000.0,39449000000.0,17164000000.0,4871000000.0,,,3715000000.0,22285000000.0,,7937000000.0,,7937000000.0,11652000000.0,7787000000.0,6359000000.0,52851000000.0,19816000000.0,75252000000.0,3120000000.0,2756600000.0,10700000000.0,15330000000.0,9386000000.0,4630000000.0,4378000000.0,4756000000.0,1648000000.0,6505000000.0,43000000.0,-101000000.0,,101000000.0,,-18000000.0,,711000000.0,4220000000.0,771000000.0,101000000.0,4220000000.0,3449000000.0,4321000000.0,5032000000.0,3449000000.0,3837000000.0,6100000.0,,-546000000.0,-463000000.0,711000000.0,500000000.0,26000000.0,-105000000.0,3449000000.0,-2693000000.0,-2065000000.0,-314000000.0,397000000.0,397000000.0,,1489000000.0,1489000000.0,,,,,-258000000.0,,-1030000000.0,-109000000.0
2010-09-30,98247000000.0,42717000000.0,14338000000.0,14338000000.0,5409000000.0,,55530000000.0,14360000000.0,15567000000.0,32443000000.0,17068000000.0,15375000000.0,,,7788000000.0,4892000000.0,3552000000.0,40956000000.0,17414000000.0,5477000000.0,,,2843000000.0,23542000000.0,,9182000000.0,,9182000000.0,12025000000.0,8313000000.0,6226000000.0,57291000000.0,20177000000.0,77272000000.0,3120000000.0,2751600000.0,10388000000.0,14982000000.0,9303000000.0,4594000000.0,4361000000.0,4709000000.0,1657000000.0,6474000000.0,13000000.0,-108000000.0,,108000000.0,,292000000.0,,725000000.0,4219000000.0,802000000.0,108000000.0,4219000000.0,3417000000.0,4327000000.0,5052000000.0,3417000000.0,5034000000.0,,,444000000.0,-255000000.0,725000000.0,528000000.0,30000000.0,109000000.0,3417000000.0,-1875000000.0,-1699000000.0,-852000000.0,732000000.0,732000000.0,,1484000000.0,1484000000.0,,,,,-433000000.0,,1625000000.0,165000000.0
2010-12-31,102908000000.0,47307000000.0,19355000000.0,27658000000.0,5378000000.0,,45848000000.0,14553000000.0,15873000000.0,32010000000.0,16716000000.0,15294000000.0,,,8303000000.0,4497000000.0,3942000000.0,46329000000.0,23072000000.0,5623000000.0,,7600000000.0,7617000000.0,23257000000.0,,9169000000.0,13000000.0,9156000000.0,16773000000.0,9254000000.0,6567000000.0,56579000000.0,20783000000.0,77773000000.0,3120000000.0,2743000000.0,10604000000.0,15644000000.0,1186000000.0,5985000000.0,2504000000.0,5180000000.0,1982000000.0,1186000000.0,24000000.0,-138000000.0,,138000000.0,,-1100000000.0,,769000000.0,2228000000.0,286000000.0,138000000.0,2228000000.0,1469000000.0,2366000000.0,3135000000.0,1942000000.0,3824000000.0,,,1164000000.0,-115000000.0,769000000.0,959000000.0,-378000000.0,-1000000.0,1942000000.0,-1404000000.0,2606000000.0,4803000000.0,1285000000.0,1285000000.0,,1481000000.0,1481000000.0,,,39000000.0,,-744000000.0,,5017000000.0,-9000000.0
2011-03-31,108150000000.0,49221000000.0,22356000000.0,22356000000.0,6200000000.0,,58929000000.0,15084000000.0,16721000000.0,34813000000.0,18687000000.0,16126000000.0,,,4511000000.0,5293000000.0,3705000000.0,48287000000.0,24011000000.0,5701000000.0,,,8575000000.0,24276000000.0,,9255000000.0,,9255000000.0,17830000000.0,8728000000.0,7001000000.0,59863000000.0,20752000000.0,79515000000.0,3120000000.0,2738400000.0,11395000000.0,16173000000.0,9834000000.0,4778000000.0,4726000000.0,5056000000.0,1738000000.0,6903000000.0,21000000.0,-125000000.0,,125000000.0,,13000000.0,,755000000.0,4510000000.0,1034000000.0,125000000.0,4510000000.0,3476000000.0,4635000000.0,5390000000.0,3476000000.0,2316000000.0,,,-16000000.0,2031000000.0,755000000.0,436000000.0,609000000.0,452000000.0,3476000000.0,1440000000.0,-825000000.0,900000000.0,435000000.0,435000000.0,,1480000000.0,1480000000.0,,,8000000.0,,-435000000.0,,3001000000.0,70000000.0
2011-06-30,112114000000.0,52673000000.0,14974000000.0,14974000000.0,6413000000.0,,59441000000.0,14974000000.0,17461000000.0,34621000000.0,18378000000.0,16243000000.0,,,14708000000.0,5596000000.0,4193000000.0,49982000000.0,20985000000.0,5689000000.0,,,5046000000.0,28997000000.0,,13680000000.0,,13680000000.0,18726000000.0,9442000000.0,7227000000.0,62132000000.0,20632000000.0,80836000000.0,3120000000.0,2740500000.0,11425000000.0,16597000000.0,10976000000.0,5172000000.0,3538000000.0,5215000000.0,1882000000.0,7815000000.0,18000000.0,-129000000.0,,129000000.0,,-206000000.0,,777000000.0,3422000000.0,646000000.0,129000000.0,3422000000.0,2776000000.0,3551000000.0,5123000000.0,2776000000.0,3909000000.0,,,771000000.0,245000000.0,777000000.0,618000000.0,-33000000.0,168000000.0,2776000000.0,-10700000000.0,-639000000.0,-3508000000.0,494000000.0,494000000.0,,1563000000.0,1563000000.0,,,4396000000.0,,-494000000.0,,-7382000000.0,48000000.0
2011-09-30,111821000000.0,53443000000.0,15617000000.0,15617000000.0,6428000000.0,,58378000000.0,14635000000.0,17101000000.0,34274000000.0,18225000000.0,16049000000.0,,,15310000000.0,5536000000.0,3905000000.0,50294000000.0,21686000000.0,5730000000.0,,,5326000000.0,28608000000.0,,13031000000.0,,13031000000.0,18357000000.0,9294000000.0,7473000000.0,61527000000.0,21159000000.0,82634000000.0,3120000000.0,2737000000.0,10933000000.0,16005000000.0,10312000000.0,5072000000.0,4649000000.0,5240000000.0,1773000000.0,7147000000.0,17000000.0,-134000000.0,,134000000.0,,308000000.0,,783000000.0,4111000000.0,909000000.0,134000000.0,4111000000.0,1324000000.0,4245000000.0,5028000000.0,3202000000.0,4622000000.0,,,891000000.0,66000000.0,783000000.0,711000000.0,-87000000.0,167000000.0,3202000000.0,-1590000000.0,-2232000000.0,-220000000.0,743000000.0,743000000.0,,1558000000.0,1558000000.0,,,67000000.0,,-743000000.0,,643000000.0,-157000000.0
2011-12-31,113644000000.0,54316000000.0,24542000000.0,32261000000.0,6285000000.0,,48265000000.0,14739000000.0,17090000000.0,34276000000.0,18138000000.0,16138000000.0,,,7719000000.0,5189000000.0,3773000000.0,56564000000.0,22811000000.0,5725000000.0,,6700000000.0,6658000000.0,33753000000.0,,12969000000.0,42000000.0,12969000000.0,19627000000.0,9574000000.0,10631000000.0,57080000000.0,21659000000.0,81251000000.0,3120000000.0,2728500000.0,10917000000.0,16255000000.0,12650000000.0,6360000000.0,852000000.0,5458000000.0,2155000000.0,9615000000.0,35000000.0,-183000000.0,,183000000.0,,-2858000000.0,,843000000.0,318000000.0,100000000.0,183000000.0,318000000.0,-2346000000.0,501000000.0,1344000000.0,218000000.0,3451000000.0,,,3260000000.0,1073000000.0,843000000.0,1128000000.0,426000000.0,-72000000.0,218000000.0,6238000000.0,-756000000.0,1357000000.0,853000000.0,853000000.0,,1555000000.0,1555000000.0,,,-1000000.0,,-853000000.0,,8925000000.0,-8000000.0
2012-03-31,116194000000.0,57007000000.0,30267000000.0,30267000000.0,6800000000.0,,59187000000.0,14824000000.0,17726000000.0,34496000000.0,18157000000.0,16339000000.0,,,3580000000.0,5378000000.0,3956000000.0,54828000000.0,21198000000.0,5085000000.0,,,6439000000.0,33630000000.0,,13010000000.0,,13010000000.0,19449000000.0,8760000000.0,10538000000.0,61366000000.0,20317000000.0,83103000000.0,3120000000.0,2736900000.0,11224000000.0,16139000000.0,4915000000.0,4915000000.0,5130000000.0,5015000000.0,1645000000.0,7054000000.0,17000000.0,-147000000.0,,147000000.0,,611000000.0,,205000000.0,5045000000.0,1135000000.0,147000000.0,5045000000.0,5002000000.0,5192000000.0,5397000000.0,3910000000.0,2795000000.0,,,-1242000000.0,1418000000.0,773000000.0,502000000.0,215000000.0,449000000.0,3910000000.0,4056000000.0,-1183000000.0,-243000000.0,67000000.0,67000000.0,,1565000000.0,1565000000.0,,,2000000.0,,-67000000.0,,5725000000.0,57000000.0
2012-06-30,115750000000.0,41615000000.0,14042000000.0,14042000000.0,7697000000.0,,74135000000.0,15622000000.0,17675000000.0,50611000000.0,29199000000.0,21412000000.0,,,2873000000.0,6011000000.0,3891000000.0,55316000000.0,23848000000.0,5145000000.0,,,6040000000.0,31468000000.0,,11525000000.0,,11525000000.0,17565000000.0,11404000000.0,9487000000.0,60434000000.0,20012000000.0,83530000000.0,3120000000.0,2747400000.0,11332000000.0,16475000000.0,5143000000.0,5143000000.0,2657000000.0,4965000000.0,344000000.0,1061000000.0,14000000.0,-143000000.0,,143000000.0,,-2008000000.0,,283000000.0,2035000000.0,627000000.0,143000000.0,2035000000.0,-256000000.0,2178000000.0,2461000000.0,1408000000.0,4245000000.0,,,1005000000.0,-443000000.0,852000000.0,598000000.0,-370000000.0,169000000.0,1408000000.0,-4126000000.0,-16255000000.0,-2019000000.0,12852000000.0,12852000000.0,,1676000000.0,1676000000.0,,,4000000.0,,-12852000000.0,,-16225000000.0,-89000000.0
2012-09-30,118951000000.0,44791000000.0,15486000000.0,19771000000.0,7809000000.0,,74160000000.0,15845000000.0,18237000000.0,50567000000.0,28790000000.0,21777000000.0,,,4285000000.0,6036000000.0,3521000000.0,55190000000.0,23935000000.0,5344000000.0,,,5423000000.0,31255000000.0,,11428000000.0,,11428000000.0,16851000000.0,11666000000.0,9207000000.0,63761000000.0,19314000000.0,84880000000.0,3120000000.0,2757400000.0,11455000000.0,17052000000.0,5597000000.0,5597000000.0,3825000000.0,5228000000.0,2602000000.0,7965000000.0,15000000.0,-135000000.0,,135000000.0,,90000000.0,,378000000.0,3934000000.0,966000000.0,135000000.0,2629000000.0,4247000000.0,4069000000.0,4447000000.0,2968000000.0,4980000000.0,,,306000000.0,314000000.0,1005000000.0,682000000.0,61000000.0,-25000000.0,2629000000.0,-1937000000.0,-1653000000.0,88000000.0,0.0,0.0,,1683000000.0,1683000000.0,,,10000000.0,,0.0,,1444000000.0,54000000.0
2012-12-31,121347000000.0,46116000000.0,14911000000.0,21089000000.0,7495000000.0,,75231000000.0,16097000000.0,18557000000.0,51176000000.0,28752000000.0,22424000000.0,,,6178000000.0,6223000000.0,3417000000.0,56521000000.0,24262000000.0,5831000000.0,,4700000000.0,4676000000.0,32259000000.0,,13001000000.0,1512000000.0,11489000000.0,16165000000.0,12691000000.0,8552000000.0,64826000000.0,18476000000.0,85992000000.0,3120000000.0,2771900000.0,11555000000.0,17558000000.0,13872000000.0,7054000000.0,3342000000.0,5661000000.0,59000000.0,59000000.0,18000000.0,-107000000.0,,107000000.0,,-319000000.0,,280000000.0,3100000000.0,533000000.0,107000000.0,3100000000.0,1682000000.0,3207000000.0,3487000000.0,2567000000.0,3376000000.0,,,144000000.0,893000000.0,1036000000.0,1152000000.0,103000000.0,-592000000.0,2567000000.0,-2503000000.0,-1471000000.0,-733000000.0,0.0,0.0,,1690000000.0,1690000000.0,,,29000000.0,,0.0,,-575000000.0,23000000.0
2013-03-31,121536000000.0,47228000000.0,14855000000.0,21668000000.0,7691000000.0,,74308000000.0,15721000000.0,18974000000.0,50358000000.0,28009000000.0,22349000000.0,,,6813000000.0,6354000000.0,3723000000.0,54681000000.0,22524000000.0,5372000000.0,,,4529000000.0,32157000000.0,,11363000000.0,,11363000000.0,15892000000.0,11445000000.0,8197000000.0,66855000000.0,16818000000.0,87242000000.0,3120000000.0,2790200000.0,11951000000.0,17505000000.0,5554000000.0,5554000000.0,4482000000.0,5223000000.0,1848000000.0,7589000000.0,21000000.0,-125000000.0,,125000000.0,,-515000000.0,,335000000.0,4261000000.0,764000000.0,125000000.0,3497000000.0,2618000000.0,4386000000.0,4721000000.0,3497000000.0,2277000000.0,,,-1651000000.0,1330000000.0,1036000000.0,586000000.0,434000000.0,288000000.0,3497000000.0,-1403000000.0,-777000000.0,-229000000.0,0.0,0.0,,1706000000.0,1706000000.0,,,6000000.0,,0.0,,-56000000.0,-153000000.0
2013-06-30,124325000000.0,51273000000.0,17307000000.0,25129000000.0,7822000000.0,,73052000000.0,15794000000.0,19607000000.0,50041000000.0,27704000000.0,22337000000.0,,,7822000000.0,6708000000.0,2477000000.0,54660000000.0,23767000000.0,5687000000.0,,,5339000000.0,30893000000.0,,9643000000.0,,9643000000.0,14982000000.0,11785000000.0,8569000000.0,69665000000.0,16094000000.0,89449000000.0,3120000000.0,2809700000.0,12388000000.0,17877000000.0,5489000000.0,5489000000.0,5020000000.0,5376000000.0,1946000000.0,7440000000.0,17000000.0,-118000000.0,,118000000.0,,-172000000.0,,318000000.0,4793000000.0,960000000.0,118000000.0,3833000000.0,3712000000.0,4911000000.0,5229000000.0,3833000000.0,5051000000.0,,,992000000.0,301000000.0,990000000.0,771000000.0,213000000.0,259000000.0,3833000000.0,-569000000.0,-1977000000.0,637000000.0,0.0,0.0,,1856000000.0,1856000000.0,,,0.0,,0.0,,2452000000.0,-53000000.0
2013-09-30,126933000000.0,52176000000.0,17204000000.0,25228000000.0,8124000000.0,,74757000000.0,16127000000.0,20305000000.0,51319000000.0,28467000000.0,22852000000.0,,,8024000000.0,6797000000.0,2715000000.0,57129000000.0,25835000000.0,6055000000.0,,,5359000000.0,31294000000.0,,9748000000.0,,9748000000.0,15107000000.0,12710000000.0,8895000000.0,69804000000.0,15673000000.0,87703000000.0,3120000000.0,2818400000.0,12231000000.0,17575000000.0,5344000000.0,5344000000.0,3872000000.0,5314000000.0,2220000000.0,7639000000.0,18000000.0,-105000000.0,,105000000.0,,-943000000.0,,327000000.0,3667000000.0,685000000.0,105000000.0,2982000000.0,4446000000.0,3772000000.0,4099000000.0,2982000000.0,5947000000.0,,,2490000000.0,542000000.0,976000000.0,809000000.0,324000000.0,252000000.0,2982000000.0,-1553000000.0,-4519000000.0,-54000000.0,3050000000.0,3050000000.0,,1862000000.0,1862000000.0,,,45000000.0,,0.0,,-103000000.0,22000000.0
2013-12-31,132683000000.0,56407000000.0,20927000000.0,29206000000.0,7878000000.0,,76276000000.0,16710000000.0,20423000000.0,50745000000.0,27947000000.0,22798000000.0,,,8279000000.0,7610000000.0,4949000000.0,58630000000.0,25675000000.0,6266000000.0,,4900000000.0,4852000000.0,32955000000.0,,15097000000.0,1769000000.0,13328000000.0,18180000000.0,13787000000.0,7854000000.0,74053000000.0,15700000000.0,89493000000.0,3120000000.0,2820000000.0,12400000000.0,18355000000.0,13875000000.0,7083000000.0,3038000000.0,5917000000.0,294000000.0,294000000.0,18000000.0,-134000000.0,,134000000.0,,-868000000.0,,383000000.0,2750000000.0,-769000000.0,134000000.0,2750000000.0,6005000000.0,2884000000.0,3267000000.0,3519000000.0,4139000000.0,,,288000000.0,887000000.0,1102000000.0,1429000000.0,-339000000.0,-177000000.0,3519000000.0,-1578000000.0,1182000000.0,-340000000.0,488000000.0,488000000.0,,1862000000.0,1862000000.0,,,3500000000.0,,-488000000.0,,3723000000.0,-20000000.0
2014-03-31,133330000000.0,57369000000.0,19722000000.0,29392000000.0,8009000000.0,,75961000000.0,15996000000.0,20252000000.0,49821000000.0,27643000000.0,22178000000.0,,,9670000000.0,7852000000.0,6459000000.0,56748000000.0,23840000000.0,6113000000.0,,,3949000000.0,32908000000.0,,13343000000.0,,13343000000.0,17292000000.0,12916000000.0,7271000000.0,76582000000.0,15280000000.0,91387000000.0,3120000000.0,2826800000.0,12660000000.0,18115000000.0,5455000000.0,5455000000.0,5651000000.0,5183000000.0,1849000000.0,7531000000.0,18000000.0,-136000000.0,,136000000.0,,-86000000.0,,351000000.0,5424000000.0,697000000.0,136000000.0,4727000000.0,4942000000.0,5560000000.0,5911000000.0,4727000000.0,3923000000.0,,,-1432000000.0,1090000000.0,1013000000.0,630000000.0,426000000.0,512000000.0,4727000000.0,-2026000000.0,-3057000000.0,-997000000.0,774000000.0,774000000.0,,1867000000.0,1867000000.0,,,16000000.0,,-774000000.0,,-1205000000.0,-45000000.0
2014-06-30,135200000000.0,60119000000.0,14236000000.0,31624000000.0,8155000000.0,,75081000000.0,16155000000.0,20792000000.0,49111000000.0,27122000000.0,21989000000.0,,,17388000000.0,8083000000.0,6435000000.0,57152000000.0,24359000000.0,6193000000.0,,,3819000000.0,32793000000.0,,13303000000.0,,13303000000.0,17122000000.0,13292000000.0,7373000000.0,78048000000.0,15810000000.0,93745000000.0,3120000000.0,2826400000.0,13456000000.0,19495000000.0,6039000000.0,6039000000.0,5875000000.0,5481000000.0,2009000000.0,7618000000.0,14000000.0,-128000000.0,,128000000.0,,-226000000.0,,347000000.0,5626000000.0,1300000000.0,128000000.0,4326000000.0,3964000000.0,5754000000.0,6101000000.0,4326000000.0,5529000000.0,,,720000000.0,663000000.0,952000000.0,837000000.0,158000000.0,93000000.0,4326000000.0,-8092000000.0,-2868000000.0,1599000000.0,1192000000.0,1192000000.0,,1978000000.0,1978000000.0,,,-3000000.0,,-1192000000.0,,-5486000000.0,-55000000.0
2014-09-30,132097000000.0,59973000000.0,13818000000.0,33005000000.0,8419000000.0,,72124000000.0,15804000000.0,20644000000.0,47940000000.0,26304000000.0,21636000000.0,,,19187000000.0,6934000000.0,5033000000.0,55506000000.0,22982000000.0,6603000000.0,,,2115000000.0,32524000000.0,,13152000000.0,,13152000000.0,15267000000.0,12729000000.0,7758000000.0,76591000000.0,17707000000.0,96560000000.0,3120000000.0,2814400000.0,13068000000.0,18467000000.0,5399000000.0,5399000000.0,7053000000.0,5468000000.0,2023000000.0,7621000000.0,18000000.0,-130000000.0,,130000000.0,,1345000000.0,,335000000.0,6810000000.0,2061000000.0,130000000.0,4749000000.0,2374000000.0,6940000000.0,7275000000.0,4749000000.0,4654000000.0,,,636000000.0,-328000000.0,939000000.0,751000000.0,-185000000.0,493000000.0,4749000000.0,735000000.0,-5716000000.0,-1686000000.0,2415000000.0,2415000000.0,,1967000000.0,1967000000.0,,,4000000.0,,-2415000000.0,,-418000000.0,-91000000.0
2014-12-31,130358000000.0,55744000000.0,14523000000.0,33089000000.0,8184000000.0,,74614000000.0,16126000000.0,20559000000.0,49054000000.0,27222000000.0,21832000000.0,,708000000.0,18566000000.0,3484000000.0,3232000000.0,60606000000.0,25031000000.0,7633000000.0,,3600000000.0,3638000000.0,35575000000.0,,15129000000.0,7000000.0,15122000000.0,18760000000.0,13314000000.0,8034000000.0,69752000000.0,19891000000.0,97245000000.0,3120000000.0,2794800000.0,12401000000.0,18254000000.0,325000000.0,6921000000.0,3012000000.0,5822000000.0,156000000.0,156000000.0,17000000.0,-139000000.0,,139000000.0,,-963000000.0,,365000000.0,2703000000.0,182000000.0,139000000.0,2703000000.0,-2819000000.0,2842000000.0,3207000000.0,2521000000.0,4604000000.0,,,-65000000.0,-500000000.0,991000000.0,1496000000.0,-152000000.0,22000000.0,2521000000.0,-2922000000.0,-858000000.0,1680000000.0,2743000000.0,2743000000.0,,1956000000.0,1956000000.0,,,2000000000.0,,-2743000000.0,,705000000.0,-119000000.0
2015-03-31,128590000000.0,58192000000.0,11988000000.0,31319000000.0,8085000000.0,,70398000000.0,15364000000.0,20039000000.0,48370000000.0,27025000000.0,21345000000.0,,,19331000000.0,7255000000.0,3605000000.0,60712000000.0,23836000000.0,6719000000.0,,,4045000000.0,36876000000.0,,14938000000.0,,14938000000.0,18983000000.0,11829000000.0,8604000000.0,67878000000.0,20598000000.0,98656000000.0,3120000000.0,2782600000.0,12092000000.0,17236000000.0,10441000000.0,5282000000.0,5827000000.0,4847000000.0,1899000000.0,7175000000.0,19000000.0,-138000000.0,,138000000.0,,348000000.0,,312000000.0,5575000000.0,1255000000.0,138000000.0,4320000000.0,1742000000.0,5713000000.0,6025000000.0,4320000000.0,2872000000.0,,,-1430000000.0,1603000000.0,895000000.0,543000000.0,765000000.0,276000000.0,4320000000.0,-1789000000.0,-3227000000.0,396000000.0,2198000000.0,2198000000.0,,1946000000.0,1946000000.0,,,3000000.0,,-2198000000.0,,-2535000000.0,-391000000.0
2015-06-30,132036000000.0,61001000000.0,10639000000.0,33954000000.0,8298000000.0,,71035000000.0,15583000000.0,20529000000.0,48510000000.0,27017000000.0,21493000000.0,,,23315000000.0,6781000000.0,3855000000.0,60905000000.0,24512000000.0,6140000000.0,,,5222000000.0,36393000000.0,,14085000000.0,,14085000000.0,19307000000.0,12234000000.0,8973000000.0,71131000000.0,21287000000.0,101352000000.0,3120000000.0,2772300000.0,12430000000.0,17656000000.0,10741000000.0,5357000000.0,4917000000.0,5384000000.0,2129000000.0,7513000000.0,24000000.0,-131000000.0,,131000000.0,,931000000.0,,307000000.0,5741000000.0,1225000000.0,131000000.0,4516000000.0,5762000000.0,5872000000.0,6179000000.0,4516000000.0,5472000000.0,,,263000000.0,-482000000.0,889000000.0,765000000.0,421000000.0,261000000.0,4516000000.0,-3554000000.0,-2775000000.0,283000000.0,896000000.0,896000000.0,,2079000000.0,2079000000.0,,,0.0,,-896000000.0,,-1349000000.0,-492000000.0
2015-09-30,133266000000.0,63494000000.0,13639000000.0,37306000000.0,8206000000.0,,69772000000.0,15551000000.0,20846000000.0,47267000000.0,25988000000.0,21279000000.0,,,23667000000.0,6616000000.0,3804000000.0,61712000000.0,25260000000.0,5928000000.0,,,5677000000.0,36452000000.0,,14073000000.0,,14073000000.0,19750000000.0,14166000000.0,9303000000.0,71554000000.0,21453000000.0,102748000000.0,3120000000.0,2768400000.0,11878000000.0,16979000000.0,10305000000.0,5224000000.0,4633000000.0,5081000000.0,2164000000.0,7245000000.0,32000000.0,-123000000.0,,123000000.0,,-420000000.0,,293000000.0,4122000000.0,764000000.0,123000000.0,3358000000.0,2551000000.0,4245000000.0,4538000000.0,3358000000.0,6140000000.0,,,1095000000.0,-478000000.0,929000000.0,789000000.0,-276000000.0,182000000.0,3358000000.0,-1001000000.0,-1840000000.0,498000000.0,300000000.0,300000000.0,,2076000000.0,2076000000.0,,,0.0,,-300000000.0,,3000000000.0,-299000000.0
2015-12-31,133411000000.0,60210000000.0,13732000000.0,38376000000.0,8053000000.0,,73201000000.0,15905000000.0,20743000000.0,47393000000.0,25764000000.0,21629000000.0,,1514000000.0,24644000000.0,3047000000.0,4413000000.0,62261000000.0,27747000000.0,6668000000.0,,7000000000.0,7004000000.0,34514000000.0,,14961000000.0,2104000000.0,12857000000.0,19861000000.0,13325000000.0,10241000000.0,71150000000.0,22684000000.0,103879000000.0,3120000000.0,2762800000.0,12138000000.0,17811000000.0,83000000.0,6669000000.0,11841000000.0,5891000000.0,214000000.0,297000000.0,53000000.0,-160000000.0,,160000000.0,,1205000000.0,,288000000.0,3758000000.0,543000000.0,160000000.0,3758000000.0,3758000000.0,3918000000.0,4206000000.0,3215000000.0,5085000000.0,,,2518000000.0,174000000.0,1033000000.0,1366000000.0,-477000000.0,-270000000.0,3758000000.0,-1391000000.0,-3294000000.0,195000000.0,1896000000.0,1896000000.0,,2072000000.0,2072000000.0,,,72000000.0,,-1896000000.0,,93000000.0,-307000000.0
2016-03-31,136231000000.0,62738000000.0,13861000000.0,13861000000.0,8170000000.0,,73493000000.0,15964000000.0,21466000000.0,47688000000.0,25840000000.0,21848000000.0,,,25994000000.0,3307000000.0,4163000000.0,63584000000.0,22134000000.0,5965000000.0,,,3116000000.0,41450000000.0,,20233000000.0,3116000000.0,20233000000.0,23349000000.0,12085000000.0,9749000000.0,72647000000.0,23072000000.0,104990000000.0,3120000000.0,2757200000.0,12153000000.0,17482000000.0,10501000000.0,5329000000.0,12087000000.0,4688000000.0,2013000000.0,66000000.0,83000000.0,-160000000.0,,160000000.0,,39000000.0,,282000000.0,5294000000.0,837000000.0,160000000.0,5294000000.0,5231000000.0,5454000000.0,5736000000.0,4457000000.0,2189000000.0,,,-2457000000.0,1381000000.0,891000000.0,639000000.0,389000000.0,190000000.0,5294000000.0,-1537000000.0,-604000000.0,-4077000000.0,2389000000.0,2389000000.0,,2069000000.0,2069000000.0,,,7435000000.0,,-2389000000.0,,129000000.0,81000000.0
2016-06-30,139814000000.0,66291000000.0,18640000000.0,18640000000.0,8523000000.0,,73523000000.0,15972000000.0,21807000000.0,47798000000.0,25694000000.0,22104000000.0,,,23944000000.0,3122000000.0,3977000000.0,67341000000.0,21536000000.0,6061000000.0,,,1708000000.0,45805000000.0,,24535000000.0,1708000000.0,24535000000.0,26243000000.0,13077000000.0,10062000000.0,72473000000.0,24678000000.0,106738000000.0,3120000000.0,2745400000.0,13146000000.0,18482000000.0,10626000000.0,5336000000.0,12546000000.0,5176000000.0,2293000000.0,600000000.0,88000000.0,-190000000.0,,190000000.0,,-557000000.0,,294000000.0,4904000000.0,907000000.0,190000000.0,4904000000.0,3681000000.0,5094000000.0,5388000000.0,3997000000.0,4564000000.0,,,708000000.0,954000000.0,900000000.0,757000000.0,709000000.0,253000000.0,4904000000.0,1322000000.0,-1038000000.0,-492000000.0,2362000000.0,2362000000.0,,2197000000.0,2197000000.0,,,4516000000.0,,-2362000000.0,,4779000000.0,-69000000.0
2016-09-30,140369000000.0,63319000000.0,18205000000.0,18205000000.0,8488000000.0,,77050000000.0,16095000000.0,22278000000.0,50813000000.0,27642000000.0,23171000000.0,,,22228000000.0,2600000000.0,4245000000.0,67600000000.0,23230000000.0,5971000000.0,,,3443000000.0,44370000000.0,,23546000000.0,3443000000.0,23546000000.0,26989000000.0,13018000000.0,9414000000.0,72769000000.0,26496000000.0,108860000000.0,3120000000.0,2731600000.0,12334000000.0,17820000000.0,10320000000.0,5486000000.0,12279000000.0,4772000000.0,2178000000.0,55000000.0,97000000.0,-192000000.0,,192000000.0,,54000000.0,,319000000.0,5281000000.0,1009000000.0,192000000.0,5281000000.0,4264000000.0,5473000000.0,5792000000.0,4272000000.0,5361000000.0,,,-724000000.0,-677000000.0,908000000.0,737000000.0,-362000000.0,-35000000.0,5281000000.0,-2372000000.0,-3445000000.0,792000000.0,2203000000.0,2203000000.0,,2185000000.0,2185000000.0,,,0.0,,-2203000000.0,,-435000000.0,21000000.0
2016-12-31,141208000000.0,65032000000.0,18972000000.0,41907000000.0,8144000000.0,,76176000000.0,15912000000.0,21861000000.0,49681000000.0,26876000000.0,22805000000.0,,900000000.0,22935000000.0,3282000000.0,4435000000.0,70790000000.0,26287000000.0,6918000000.0,,4700000000.0,4684000000.0,44503000000.0,,24146000000.0,1700000000.0,22442000000.0,27126000000.0,13714000000.0,9536000000.0,70418000000.0,28352000000.0,110551000000.0,3120000000.0,2714500000.0,12572000000.0,18106000000.0,12413000000.0,6508000000.0,12476000000.0,5431000000.0,2640000000.0,96000000.0,100000000.0,-184000000.0,,184000000.0,,254000000.0,,305000000.0,4324000000.0,510000000.0,184000000.0,4324000000.0,4324000000.0,4508000000.0,4813000000.0,3814000000.0,6653000000.0,,,2543000000.0,185000000.0,1055000000.0,1093000000.0,329000000.0,-159000000.0,4324000000.0,-2174000000.0,-3464000000.0,1871000000.0,2025000000.0,2025000000.0,,2170000000.0,2170000000.0,,,53000000.0,,-2025000000.0,,767000000.0,-248000000.0
2017-03-31,144918000000.0,63347000000.0,20909000000.0,20909000000.0,8878000000.0,,81571000000.0,16191000000.0,22505000000.0,54310000000.0,29466000000.0,24844000000.0,,,18434000000.0,2826000000.0,4690000000.0,74577000000.0,25119000000.0,6082000000.0,,,5355000000.0,49458000000.0,,27015000000.0,5355000000.0,27015000000.0,32370000000.0,12549000000.0,9526000000.0,70341000000.0,29900000000.0,111643000000.0,3120000000.0,2706600000.0,12357000000.0,17766000000.0,10594000000.0,5409000000.0,12380000000.0,4763000000.0,2070000000.0,7242000000.0,121000000.0,-204000000.0,,204000000.0,17766000000.0,219000000.0,,300000000.0,5575000000.0,1153000000.0,204000000.0,5575000000.0,4801000000.0,5779000000.0,6079000000.0,4422000000.0,2913000000.0,,,-1759000000.0,888000000.0,912000000.0,560000000.0,96000000.0,368000000.0,5575000000.0,-936000000.0,-150000000.0,524000000.0,3342000000.0,3342000000.0,,2171000000.0,2171000000.0,,,4464000000.0,,-3342000000.0,,1937000000.0,110000000.0
2017-06-30,152807000000.0,38789000000.0,12598000000.0,12598000000.0,9699000000.0,,114018000000.0,16458000000.0,23617000000.0,86176000000.0,54942000000.0,31234000000.0,,,255000000.0,2954000000.0,5273000000.0,80885000000.0,28872000000.0,6135000000.0,,,7209000000.0,52013000000.0,,27363000000.0,34845000000.0,27363000000.0,34572000000.0,14769000000.0,10117000000.0,71922000000.0,31172000000.0,113208000000.0,3120000000.0,2691900000.0,12993000000.0,18839000000.0,11146000000.0,5846000000.0,12523000000.0,5289000000.0,2296000000.0,493000000.0,105000000.0,-227000000.0,,227000000.0,18839000000.0,-527000000.0,,500000000.0,4748000000.0,921000000.0,227000000.0,4748000000.0,5115000000.0,4975000000.0,5475000000.0,3827000000.0,5772000000.0,,,880000000.0,550000000.0,1150000000.0,689000000.0,380000000.0,53000000.0,4748000000.0,-12247000000.0,-1917000000.0,1931000000.0,1890000000.0,1890000000.0,,2262000000.0,2262000000.0,,,0.0,,-1890000000.0,,-8311000000.0,81000000.0
2017-09-30,155658000000.0,41829000000.0,15721000000.0,15721000000.0,9521000000.0,,113829000000.0,16628000000.0,24300000000.0,85877000000.0,54569000000.0,31308000000.0,,,510000000.0,2922000000.0,5021000000.0,81679000000.0,31806000000.0,6390000000.0,,,8491000000.0,49873000000.0,,26675000000.0,35376000000.0,26675000000.0,35166000000.0,15742000000.0,9102000000.0,73979000000.0,31199000000.0,114805000000.0,3120000000.0,2684600000.0,12725000000.0,19650000000.0,12417000000.0,6925000000.0,12630000000.0,5423000000.0,2585000000.0,118000000.0,74000000.0,-229000000.0,,229000000.0,19650000000.0,297000000.0,,1100000000.0,4790000000.0,1026000000.0,229000000.0,4790000000.0,4251000000.0,5019000000.0,6119000000.0,3764000000.0,6266000000.0,,,900000000.0,-390000000.0,1711000000.0,790000000.0,-176000000.0,-228000000.0,4790000000.0,-1180000000.0,-2069000000.0,1369000000.0,311000000.0,311000000.0,,2254000000.0,2254000000.0,,,1000000.0,,-311000000.0,,3123000000.0,106000000.0
2017-12-31,157303000000.0,43088000000.0,17824000000.0,18296000000.0,8765000000.0,,114215000000.0,17005000000.0,24461000000.0,85134000000.0,53228000000.0,31906000000.0,,758000000.0,472000000.0,2537000000.0,4971000000.0,97143000000.0,30537000000.0,7310000000.0,,3900000000.0,3906000000.0,66606000000.0,,32174000000.0,1500000000.0,30675000000.0,34581000000.0,17467000000.0,9017000000.0,60160000000.0,31554000000.0,101793000000.0,3120000000.0,2684800000.0,12936000000.0,20195000000.0,217000000.0,7259000000.0,11682000000.0,6045000000.0,408000000.0,1270000000.0,85000000.0,-274000000.0,,274000000.0,20195000000.0,53000000.0,,1100000000.0,2560000000.0,13273000000.0,274000000.0,2560000000.0,2560000000.0,2834000000.0,3934000000.0,-10713000000.0,6105000000.0,,,11683000000.0,-585000000.0,1869000000.0,1240000000.0,333000000.0,-774000000.0,2560000000.0,-505000000.0,-3537000000.0,-4285000000.0,815000000.0,815000000.0,,2256000000.0,2256000000.0,,,4527000000.0,,-815000000.0,,2103000000.0,40000000.0
2018-03-31,156625000000.0,42768000000.0,14639000000.0,14639000000.0,9014000000.0,,113857000000.0,17040000000.0,24956000000.0,83514000000.0,52365000000.0,31149000000.0,,733000000.0,565000000.0,4384000000.0,4518000000.0,93370000000.0,27081000000.0,6443000000.0,,,2696000000.0,66289000000.0,,29837000000.0,32547000000.0,29837000000.0,32533000000.0,16383000000.0,8876000000.0,63255000000.0,31596000000.0,104339000000.0,3120000000.0,2682200000.0,13395000000.0,20009000000.0,13019000000.0,6614000000.0,13395000000.0,5263000000.0,2404000000.0,8789000000.0,114000000.0,-259000000.0,,259000000.0,20009000000.0,-60000000.0,,1100000000.0,5481000000.0,1114000000.0,259000000.0,5481000000.0,5190000000.0,5740000000.0,6840000000.0,4367000000.0,3606000000.0,,,-1091000000.0,1708000000.0,1746000000.0,658000000.0,479000000.0,322000000.0,5481000000.0,-925000000.0,-5970000000.0,-2458000000.0,1444000000.0,1444000000.0,,2253000000.0,2253000000.0,,,2000000.0,,-1444000000.0,,-3185000000.0,104000000.0
2018-06-30,155365000000.0,45438000000.0,17569000000.0,17569000000.0,8810000000.0,,109927000000.0,16632000000.0,24661000000.0,80402000000.0,50056000000.0,30346000000.0,,697000000.0,570000000.0,4378000000.0,4421000000.0,92476000000.0,27488000000.0,6516000000.0,,,2678000000.0,64988000000.0,,29405000000.0,32083000000.0,29405000000.0,32083000000.0,17366000000.0,9281000000.0,62889000000.0,31577000000.0,106123000000.0,3120000000.0,2682300000.0,13903000000.0,20830000000.0,176000000.0,6927000000.0,13024000000.0,5743000000.0,2639000000.0,879000000.0,126000000.0,-253000000.0,,253000000.0,20830000000.0,-364000000.0,,1100000000.0,4973000000.0,1019000000.0,253000000.0,4973000000.0,1785000000.0,5226000000.0,6326000000.0,3954000000.0,6079000000.0,,,876000000.0,39000000.0,1717000000.0,875000000.0,510000000.0,169000000.0,4973000000.0,-201000000.0,-2674000000.0,52000000.0,145000000.0,145000000.0,,2415000000.0,2415000000.0,,,1000000.0,,-145000000.0,,2930000000.0,-274000000.0
2018-09-30,155703000000.0,47194000000.0,16056000000.0,19364000000.0,8678000000.0,,108509000000.0,16629000000.0,24891000000.0,79339000000.0,48637000000.0,30702000000.0,,701000000.0,3308000000.0,5104000000.0,4465000000.0,91077000000.0,27437000000.0,7000000000.0,,,1773000000.0,63640000000.0,,29480000000.0,32083000000.0,29480000000.0,31253000000.0,17568000000.0,8538000000.0,64626000000.0,31464000000.0,107617000000.0,3120000000.0,2683200000.0,13759000000.0,20105000000.0,12220000000.0,6589000000.0,4494000000.0,5543000000.0,3634000000.0,9265000000.0,175000000.0,-243000000.0,,243000000.0,20348000000.0,-3000000.0,,1100000000.0,4423000000.0,489000000.0,243000000.0,3934000000.0,4064000000.0,4666000000.0,5766000000.0,3934000000.0,6272000000.0,,,-211000000.0,974000000.0,1731000000.0,819000000.0,51000000.0,286000000.0,3934000000.0,-4269000000.0,-3477000000.0,81000000.0,471000000.0,471000000.0,,2415000000.0,2415000000.0,,,3000000.0,,-471000000.0,,-1513000000.0,-39000000.0
2018-12-31,152954000000.0,46033000000.0,18107000000.0,19687000000.0,8599000000.0,,106921000000.0,17035000000.0,24816000000.0,78064000000.0,47611000000.0,30453000000.0,,517000000.0,1580000000.0,3649000000.0,4182000000.0,93202000000.0,31230000000.0,7537000000.0,,2800000000.0,2796000000.0,61972000000.0,,30320000000.0,2636000000.0,27684000000.0,30480000000.0,20079000000.0,8589000000.0,59752000000.0,34362000000.0,106216000000.0,3120000000.0,2678200000.0,13433000000.0,20394000000.0,227000000.0,6961000000.0,11918000000.0,5991000000.0,3224000000.0,1515000000.0,196000000.0,-250000000.0,,250000000.0,20394000000.0,-978000000.0,,1100000000.0,3122000000.0,80000000.0,250000000.0,1222000000.0,1222000000.0,3372000000.0,4472000000.0,3042000000.0,6244000000.0,,,2533000000.0,-617000000.0,1735000000.0,1318000000.0,145000000.0,-133000000.0,1222000000.0,2228000000.0,-6389000000.0,-74000000.0,3808000000.0,3808000000.0,,2411000000.0,2411000000.0,,,-1000000.0,,-3808000000.0,,2051000000.0,-32000000.0
2019-03-31,150027000000.0,41987000000.0,14734000000.0,16166000000.0,9086000000.0,,108040000000.0,17000000000.0,25262000000.0,78348000000.0,46898000000.0,31450000000.0,,830000000.0,1432000000.0,3450000000.0,5159000000.0,91072000000.0,29111000000.0,6923000000.0,,,1708000000.0,61961000000.0,,27660000000.0,1708000000.0,27660000000.0,29368000000.0,19206000000.0,8928000000.0,58955000000.0,35298000000.0,106650000000.0,3120000000.0,2660800000.0,13406000000.0,19919000000.0,13883000000.0,6615000000.0,2393000000.0,5219000000.0,3748000000.0,11013000000.0,99000000.0,-102000000.0,99000000.0,102000000.0,20021000000.0,22000000.0,,1100000000.0,4422000000.0,673000000.0,102000000.0,3749000000.0,3454000000.0,4524000000.0,5624000000.0,3749000000.0,3543000000.0,,,-2001000000.0,700000000.0,1761000000.0,656000000.0,-157000000.0,369000000.0,3749000000.0,-1417000000.0,-5516000000.0,-3000000.0,2206000000.0,2206000000.0,,2396000000.0,2396000000.0,,,0.0,,-2206000000.0,,-3373000000.0,17000000.0
2019-06-30,155117000000.0,41799000000.0,14376000000.0,16241000000.0,9263000000.0,,113318000000.0,17248000000.0,25657000000.0,82993000000.0,49332000000.0,33661000000.0,,963000000.0,1865000000.0,2605000000.0,5430000000.0,94332000000.0,31353000000.0,6912000000.0,,,1719000000.0,62979000000.0,,27699000000.0,1719000000.0,27699000000.0,29418000000.0,20759000000.0,10102000000.0,60785000000.0,37175000000.0,109809000000.0,3120000000.0,2652500000.0,13622000000.0,20479000000.0,13643000000.0,6940000000.0,4253000000.0,5546000000.0,2666000000.0,9369000000.0,88000000.0,-83000000.0,88000000.0,83000000.0,20562000000.0,1683000000.0,,1100000000.0,7041000000.0,1434000000.0,83000000.0,5607000000.0,6155000000.0,7124000000.0,8224000000.0,5607000000.0,5948000000.0,,,1502000000.0,921000000.0,1705000000.0,837000000.0,493000000.0,54000000.0,5607000000.0,-1788000000.0,-4534000000.0,6000000.0,2486000000.0,2486000000.0,,2522000000.0,2522000000.0,,,1000000.0,,-2486000000.0,,-358000000.0,16000000.0
2019-09-30,155521000000.0,44333000000.0,16249000000.0,17944000000.0,9173000000.0,,111188000000.0,17048000000.0,25577000000.0,81137000000.0,47846000000.0,33291000000.0,,864000000.0,1695000000.0,2414000000.0,5307000000.0,97311000000.0,35162000000.0,7491000000.0,,,2299000000.0,62149000000.0,,26919000000.0,2299000000.0,26919000000.0,29218000000.0,22601000000.0,11381000000.0,58210000000.0,38619000000.0,109242000000.0,3120000000.0,2635200000.0,13862000000.0,20681000000.0,13410000000.0,6867000000.0,4720000000.0,5374000000.0,2599000000.0,9142000000.0,89000000.0,-48000000.0,89000000.0,48000000.0,20729000000.0,-4214000000.0,,1100000000.0,1647000000.0,-106000000.0,48000000.0,1753000000.0,1189000000.0,1695000000.0,2795000000.0,1753000000.0,7527000000.0,,,4815000000.0,-451000000.0,1727000000.0,745000000.0,329000000.0,1000000.0,1753000000.0,-1645000000.0,-3893000000.0,58000000.0,1628000000.0,1628000000.0,,2499000000.0,2499000000.0,,,0.0,,-1628000000.0,,1753000000.0,-116000000.0
2019-12-31,157728000000.0,45274000000.0,17305000000.0,20435000000.0,9020000000.0,,112454000000.0,17658000000.0,25674000000.0,81282000000.0,47643000000.0,33639000000.0,,1149000000.0,1982000000.0,2486000000.0,5695000000.0,98257000000.0,35964000000.0,8544000000.0,,1200000000.0,1202000000.0,62293000000.0,,27594000000.0,1100000000.0,26494000000.0,27696000000.0,23952000000.0,11734000000.0,59471000000.0,38417000000.0,110659000000.0,3120000000.0,2631900000.0,13613000000.0,20747000000.0,341000000.0,7134000000.0,13008000000.0,6039000000.0,3232000000.0,605000000.0,81000000.0,-85000000.0,81000000.0,85000000.0,20747000000.0,-16000000.0,,1200000000.0,4218000000.0,208000000.0,85000000.0,4218000000.0,4218000000.0,4303000000.0,5503000000.0,4010000000.0,6398000000.0,,,1169000000.0,450000000.0,1816000000.0,1260000000.0,-376000000.0,-147000000.0,4218000000.0,-1344000000.0,-4072000000.0,-122000000.0,426000000.0,426000000.0,,2500000000.0,2500000000.0,,,2000000.0,,-426000000.0,,4218000000.0,
2020-03-31,155017000000.0,44226000000.0,15530000000.0,18022000000.0,8868000000.0,,110791000000.0,17401000000.0,25846000000.0,80809000000.0,47338000000.0,33471000000.0,,,2492000000.0,2460000000.0,5042000000.0,93723000000.0,33689000000.0,7411000000.0,,,2190000000.0,60034000000.0,,25393000000.0,2190000000.0,25393000000.0,27583000000.0,22158000000.0,10944000000.0,61294000000.0,38484000000.0,112901000000.0,3120000000.0,2633700000.0,13629000000.0,20666000000.0,13434000000.0,7062000000.0,4655000000.0,5203000000.0,2580000000.0,8974000000.0,67000000.0,-25000000.0,67000000.0,25000000.0,20691000000.0,679000000.0,,1100000000.0,6509000000.0,713000000.0,25000000.0,5796000000.0,5444000000.0,6534000000.0,7634000000.0,5796000000.0,3358000000.0,,,-2852000000.0,700000000.0,1747000000.0,625000000.0,812000000.0,159000000.0,5796000000.0,-581000000.0,-4315000000.0,-8000000.0,1711000000.0,1711000000.0,,2505000000.0,2505000000.0,,,0.0,,-1711000000.0,,-1775000000.0,-237000000.0
2020-06-30,158380000000.0,45892000000.0,11174000000.0,19134000000.0,9424000000.0,,112488000000.0,17598000000.0,26458000000.0,81303000000.0,47413000000.0,33890000000.0,,,7960000000.0,2688000000.0,5782000000.0,95402000000.0,36772000000.0,6765000000.0,,,5332000000.0,58630000000.0,,25062000000.0,5332000000.0,25062000000.0,30394000000.0,23043000000.0,11034000000.0,62978000000.0,38507000000.0,113898000000.0,3120000000.0,2632900000.0,11757000000.0,18291000000.0,12733000000.0,6579000000.0,2890000000.0,4993000000.0,2713000000.0,8867000000.0,19000000.0,-45000000.0,19000000.0,45000000.0,18336000000.0,-24000000.0,,1100000000.0,3940000000.0,314000000.0,45000000.0,3626000000.0,4336000000.0,3985000000.0,5085000000.0,3626000000.0,3452000000.0,,,-296000000.0,1505000000.0,1726000000.0,662000000.0,-292000000.0,478000000.0,3626000000.0,-7522000000.0,-357000000.0,2708000000.0,706000000.0,706000000.0,,2659000000.0,2659000000.0,,,1000000.0,,-706000000.0,,3626000000.0,71000000.0
2020-09-30,170693000000.0,57578000000.0,18965000000.0,30780000000.0,9599000000.0,,113115000000.0,17855000000.0,27307000000.0,81313000000.0,47006000000.0,34307000000.0,,,11815000000.0,2619000000.0,6131000000.0,106220000000.0,38847000000.0,7044000000.0,,,5078000000.0,67373000000.0,,32680000000.0,5078000000.0,32680000000.0,37758000000.0,25059000000.0,12149000000.0,64473000000.0,38540000000.0,114831000000.0,3120000000.0,2632500000.0,14110000000.0,21038000000.0,13671000000.0,6972000000.0,4433000000.0,5431000000.0,2978000000.0,9677000000.0,12000000.0,-44000000.0,12000000.0,44000000.0,21082000000.0,-1200000000.0,,1200000000.0,4401000000.0,847000000.0,44000000.0,3554000000.0,4149000000.0,4445000000.0,5645000000.0,3554000000.0,8383000000.0,,,3610000000.0,1002000000.0,1818000000.0,737000000.0,-80000000.0,147000000.0,3554000000.0,-4819000000.0,4196000000.0,325000000.0,483000000.0,483000000.0,,2659000000.0,2659000000.0,,,7430000000.0,,-483000000.0,,3554000000.0,31000000.0
2020-12-31,174894000000.0,51237000000.0,13985000000.0,26666000000.0,9344000000.0,,123657000000.0,18766000000.0,28038000000.0,89795000000.0,53402000000.0,36393000000.0,,,11200000000.0,3132000000.0,6562000000.0,111616000000.0,42493000000.0,9505000000.0,,2600000000.0,2631000000.0,69123000000.0,,34434000000.0,1799000000.0,32635000000.0,35266000000.0,28965000000.0,11944000000.0,63278000000.0,38490000000.0,113890000000.0,3120000000.0,2632200000.0,14661000000.0,22179000000.0,15666000000.0,7814000000.0,2751000000.0,6457000000.0,4069000000.0,11910000000.0,13000000.0,-87000000.0,13000000.0,87000000.0,22266000000.0,-2354000000.0,,1300000000.0,1647000000.0,-91000000.0,87000000.0,1738000000.0,1434000000.0,1734000000.0,3034000000.0,1738000000.0,8343000000.0,,,5423000000.0,-12000000.0,1940000000.0,1323000000.0,-1214000000.0,-519000000.0,1738000000.0,-7903000000.0,-5644000000.0,-2297000000.0,321000000.0,321000000.0,,2658000000.0,2658000000.0,,,0.0,,-321000000.0,,-5069000000.0,
2021-03-31,172557000000.0,52533000000.0,12671000000.0,24618000000.0,9952000000.0,,120024000000.0,18367000000.0,28063000000.0,86798000000.0,51110000000.0,35688000000.0,,,11947000000.0,3024000000.0,6538000000.0,106723000000.0,40932000000.0,8503000000.0,,,3350000000.0,65791000000.0,,30263000000.0,3350000000.0,30263000000.0,33613000000.0,27202000000.0,11941000000.0,65834000000.0,38466000000.0,116508000000.0,3120000000.0,2631600000.0,15258000000.0,22258000000.0,13762000000.0,7063000000.0,5394000000.0,5432000000.0,3178000000.0,9864000000.0,15000000.0,-63000000.0,15000000.0,63000000.0,22321000000.0,882000000.0,,1200000000.0,7429000000.0,1232000000.0,63000000.0,6197000000.0,6111000000.0,7492000000.0,8692000000.0,6197000000.0,4074000000.0,,,-3238000000.0,-223000000.0,1894000000.0,677000000.0,1604000000.0,695000000.0,6197000000.0,-185000000.0,-5125000000.0,-452000000.0,1438000000.0,1438000000.0,,2659000000.0,2659000000.0,,,1000000.0,,-1438000000.0,,-1236000000.0,-78000000.0
2021-06-30,176440000000.0,53769000000.0,14332000000.0,25306000000.0,10100000000.0,,122671000000.0,18632000000.0,28569000000.0,86063000000.0,50244000000.0,35819000000.0,,,10974000000.0,3492000000.0,7172000000.0,106860000000.0,38721000000.0,8704000000.0,,,3173000000.0,68139000000.0,,30310000000.0,3173000000.0,30310000000.0,33483000000.0,25644000000.0,12724000000.0,69580000000.0,38594000000.0,120154000000.0,3120000000.0,2632500000.0,15725000000.0,23272000000.0,14916000000.0,7587000000.0,5002000000.0,6073000000.0,3394000000.0,10723000000.0,12000000.0,-40000000.0,12000000.0,40000000.0,23312000000.0,488000000.0,,1200000000.0,6662000000.0,384000000.0,40000000.0,6278000000.0,6506000000.0,6702000000.0,7902000000.0,6278000000.0,5314000000.0,,,-1962000000.0,1192000000.0,1839000000.0,813000000.0,-38000000.0,123000000.0,6278000000.0,-419000000.0,-3279000000.0,261000000.0,631000000.0,631000000.0,,2791000000.0,2791000000.0,,,0.0,,-631000000.0,,1661000000.0,45000000.0
2021-09-30,179228000000.0,59889000000.0,17604000000.0,31001000000.0,10387000000.0,,119339000000.0,18478000000.0,28869000000.0,83345000000.0,47776000000.0,35569000000.0,,,13397000000.0,3590000000.0,6870000000.0,108956000000.0,44561000000.0,8961000000.0,,,3798000000.0,64395000000.0,,30130000000.0,3798000000.0,30130000000.0,33928000000.0,29641000000.0,11177000000.0,70272000000.0,38525000000.0,121092000000.0,3120000000.0,2632600000.0,16088000000.0,23318000000.0,14410000000.0,7250000000.0,4606000000.0,6000000000.0,4322000000.0,11482000000.0,13000000.0,-20000000.0,13000000.0,20000000.0,23338000000.0,-1850000000.0,,1100000000.0,3849000000.0,182000000.0,20000000.0,3667000000.0,3352000000.0,3869000000.0,4969000000.0,3667000000.0,8290000000.0,,,3444000000.0,-55000000.0,1814000000.0,747000000.0,252000000.0,360000000.0,3667000000.0,-2719000000.0,-2207000000.0,653000000.0,391000000.0,391000000.0,,2791000000.0,2791000000.0,,,2000000.0,,-391000000.0,,3272000000.0,-92000000.0
2021-12-31,182018000000.0,60979000000.0,14487000000.0,33492000000.0,10387000000.0,15283000000.0,121039000000.0,18962000000.0,28717000000.0,81638000000.0,46392000000.0,35246000000.0,36923000000.0,,19005000000.0,3701000000.0,10216000000.0,107995000000.0,45226000000.0,11055000000.0,,3800000000.0,3766000000.0,53871000000.0,,32116000000.0,2131000000.0,29985000000.0,35882000000.0,29293000000.0,10686000000.0,74023000000.0,39099000000.0,123060000000.0,3120000000.0,2631800000.0,16849000000.0,24508000000.0,16317000000.0,7955000000.0,3755000000.0,7154000000.0,4720000000.0,13094000000.0,13000000.0,-60000000.0,13000000.0,60000000.0,24568000000.0,-9000000.0,,1100000000.0,4836000000.0,100000000.0,60000000.0,4736000000.0,7093000000.0,4896000000.0,5996000000.0,4736000000.0,5732000000.0,,,3132000000.0,4700000000.0,1843000000.0,1415000000.0,584000000.0,70000000.0,4736000000.0,-5360000000.0,-3436000000.0,345000000.0,996000000.0,996000000.0,,2791000000.0,2791000000.0,,,2000000.0,,-996000000.0,,-2939000000.0,
2022-03-31,178355000000.0,60424000000.0,10463000000.0,30408000000.0,10990000000.0,,117931000000.0,18701000000.0,29001000000.0,79355000000.0,44420000000.0,34935000000.0,,,19945000000.0,3452000000.0,9939000000.0,103646000000.0,43390000000.0,9309000000.0,,,4297000000.0,60256000000.0,,28851000000.0,4297000000.0,28851000000.0,33148000000.0,28076000000.0,10497000000.0,74709000000.0,39034000000.0,124380000000.0,3120000000.0,2629200000.0,15828000000.0,23416000000.0,15316000000.0,7598000000.0,4032000000.0,5938000000.0,4072000000.0,11796000000.0,22000000.0,-10000000.0,22000000.0,10000000.0,23426000000.0,102000000.0,,1100000000.0,5862000000.0,713000000.0,10000000.0,5149000000.0,4450000000.0,5872000000.0,6972000000.0,5149000000.0,3979000000.0,,,-2707000000.0,32000000.0,1769000000.0,607000000.0,427000000.0,600000000.0,5149000000.0,-3634000000.0,-4385000000.0,2163000000.0,1577000000.0,1577000000.0,,2787000000.0,2787000000.0,,,0.0,,-1577000000.0,,-4040000000.0,
2022-06-30,177724000000.0,63847000000.0,10983000000.0,32614000000.0,11437000000.0,,113877000000.0,18354000000.0,28790000000.0,76574000000.0,42408000000.0,34166000000.0,,,21631000000.0,3703000000.0,9435000000.0,101367000000.0,44821000000.0,9765000000.0,,,4305000000.0,56546000000.0,,28292000000.0,4305000000.0,28292000000.0,32597000000.0,28771000000.0,10524000000.0,76357000000.0,39136000000.0,126216000000.0,3120000000.0,2629600000.0,16101000000.0,23982000000.0,15330000000.0,7919000000.0,4987000000.0,6226000000.0,3703000000.0,11114000000.0,64000000.0,-38000000.0,64000000.0,38000000.0,24020000000.0,-273000000.0,,1100000000.0,5840000000.0,1026000000.0,38000000.0,4814000000.0,4728000000.0,5878000000.0,6978000000.0,4814000000.0,5581000000.0,,,-919000000.0,-916000000.0,1744000000.0,863000000.0,959000000.0,657000000.0,4814000000.0,-2639000000.0,-2261000000.0,7000000.0,973000000.0,973000000.0,,2971000000.0,2971000000.0,,,2000000.0,,-973000000.0,,681000000.0,
2022-09-30,175124000000.0,65236000000.0,11355000000.0,34128000000.0,11675000000.0,,109888000000.0,18152000000.0,28529000000.0,73719000000.0,40336000000.0,33383000000.0,,,22773000000.0,3592000000.0,8625000000.0,100525000000.0,45543000000.0,10153000000.0,,,4424000000.0,54982000000.0,,27603000000.0,4424000000.0,27603000000.0,32027000000.0,28980000000.0,9918000000.0,74599000000.0,41146000000.0,127917000000.0,3120000000.0,2627900000.0,13824000000.0,19945000000.0,12212000000.0,6172000000.0,4299000000.0,4975000000.0,3485000000.0,9525000000.0,150000000.0,-51000000.0,150000000.0,51000000.0,19996000000.0,-226000000.0,,1000000000.0,5320000000.0,862000000.0,51000000.0,4310000000.0,3009000000.0,5371000000.0,6371000000.0,4458000000.0,6284000000.0,,,-241000000.0,-211000000.0,1685000000.0,952000000.0,205000000.0,620000000.0,4458000000.0,-1701000000.0,-3925000000.0,121000000.0,2165000000.0,2165000000.0,,2970000000.0,2970000000.0,,,-1000000.0,,-2165000000.0,,658000000.0,
2022-12-31,187378000000.0,55294000000.0,12889000000.0,24095000000.0,10268000000.0,16160000000.0,132084000000.0,17982000000.0,25552000000.0,74536000000.0,38489000000.0,36047000000.0,19904000000.0,,9968000000.0,8706000000.0,9212000000.0,110574000000.0,55802000000.0,9889000000.0,,12800000000.0,12756000000.0,48005000000.0,,28437000000.0,1551000000.0,26886000000.0,41195000000.0,30937000000.0,10146000000.0,76804000000.0,41694000000.0,128345000000.0,3120000000.0,2614100000.0,13855000000.0,19939000000.0,13127000000.0,12577000000.0,13855000000.0,9858000000.0,-10425000000.0,-3385000000.0,254000000.0,-177000000.0,254000000.0,177000000.0,19939000000.0,-1856000000.0,,900000000.0,4928000000.0,1408000000.0,177000000.0,3227000000.0,3840000000.0,5105000000.0,5210000000.0,3520000000.0,5350000000.0,,,2986000000.0,4225000000.0,1772000000.0,1587000000.0,-301000000.0,650000000.0,3840000000.0,-4397000000.0,1700000000.0,7293000000.0,1320000000.0,1320000000.0,,2954000000.0,2954000000.0,,,1000000.0,,-1320000000.0,,2653000000.0,
2023-03-31,195969000000.0,64388000000.0,19170000000.0,32321000000.0,12809000000.0,,131581000000.0,20174000000.0,30193000000.0,93023000000.0,47448000000.0,45575000000.0,,,13151000000.0,10616000000.0,9567000000.0,125100000000.0,60373000000.0,9909000000.0,,,17979000000.0,64727000000.0,,34928000000.0,17979000000.0,34928000000.0,52907000000.0,28219000000.0,14421000000.0,70869000000.0,-44183000000.0,124558000000.0,3120000000.0,2605500000.0,14207000000.0,20894000000.0,300000000.0,6687000000.0,-600000000.0,4906000000.0,3455000000.0,300000000.0,198000000.0,-212000000.0,235000000.0,212000000.0,20894000000.0,-6940000000.0,,1100000000.0,-737000000.0,-796000000.0,212000000.0,-491000000.0,273000000.0,-522000000.0,678000000.0,-68000000.0,3257000000.0,,,3756000000.0,1493000000.0,1880000000.0,863000000.0,54000000.0,524000000.0,-600000000.0,3315000000.0,6138000000.0,5706000000.0,3537000000.0,3537000000.0,,2942000000.0,2942000000.0,,,7674000000.0,,-3537000000.0,,12710000000.0,
2023-06-30,191686000000.0,60567000000.0,21183000000.0,28513000000.0,12888000000.0,16777000000.0,131119000000.0,20576000000.0,30642000000.0,91686000000.0,46246000000.0,45440000000.0,17292000000.0,,7330000000.0,2397000000.0,10078000000.0,115277000000.0,54170000000.0,10443000000.0,,11701000000.0,11701000000.0,54646000000.0,,33901000000.0,11701000000.0,33901000000.0,11701000000.0,29339000000.0,14582000000.0,75149000000.0,44217000000.0,129381000000.0,3120000000.0,2598400000.0,15057000000.0,25184000000.0,16222000000.0,6462000000.0,5479000000.0,5396000000.0,3829000000.0,11839000000.0,369000000.0,-346000000.0,369000000.0,346000000.0,25530000000.0,384000000.0,,1200000000.0,6762000000.0,930000000.0,346000000.0,5376000000.0,4087000000.0,7108000000.0,8308000000.0,5144000000.0,4182000000.0,,,-1410000000.0,991000000.0,1934000000.0,1124000000.0,545000000.0,217000000.0,5144000000.0,-3776000000.0,-5991000000.0,0.0,381000000.0,0.0,,3092000000.0,3092000000.0,,,0.0,,0.0,,,
2023-09-30,166061000000.0,53703000000.0,19728000000.0,23514000000.0,11198000000.0,14798000000.0,112358000000.0,18821000000.0,26805000000.0,71145000000.0,35021000000.0,36124000000.0,12211000000.0,,3786000000.0,4196000000.0,13133000000.0,94833000000.0,44370000000.0,8355000000.0,,3870000000.0,3870000000.0,44776000000.0,,26051000000.0,3870000000.0,26051000000.0,3870000000.0,29246000000.0,13562000000.0,71228000000.0,75648000000.0,152536000000.0,3120000000.0,2522900000.0,14745000000.0,21159000000.0,13264000000.0,6606000000.0,4640000000.0,5400000000.0,3447000000.0,10105000000.0,374000000.0,-192000000.0,374000000.0,192000000.0,21351000000.0,-499000000.0,,1100000000.0,26936000000.0,908000000.0,192000000.0,4309000000.0,25750000000.0,27128000000.0,28228000000.0,26028000000.0,7489000000.0,,,578000000.0,1180000000.0,1829000000.0,967000000.0,252000000.0,706000000.0,47012000000.0,2541000000.0,-11317000000.0,-7793000000.0,920000000.0,920000000.0,,2871000000.0,2871000000.0,,,-7674000000.0,,-920000000.0,,,
2023-12-31,167558000000.0,53495000000.0,21859000000.0,27400000000.0,11181000000.0,14873000000.0,120055000000.0,19898000000.0,27878000000.0,70733000000.0,34175000000.0,36558000000.0,9958000000.0,,5541000000.0,4514000000.0,14153000000.0,98784000000.0,46282000000.0,9632000000.0,,3500000000.0,3451000000.0,52502000000.0,,27350000000.0,1469000000.0,25881000000.0,30801000000.0,30206000000.0,13398000000.0,68774000000.0,75662000000.0,153843000000.0,3120000000.0,2407200000.0,14597000000.0,21395000000.0,14139000000.0,6798000000.0,14597000000.0,5810000000.0,-10122000000.0,-2881000000.0,363000000.0,-151000000.0,363000000.0,151000000.0,21395000000.0,421000000.0,,1100000000.0,4743000000.0,694000000.0,151000000.0,4132000000.0,4826000000.0,4894000000.0,5994000000.0,4049000000.0,7863000000.0,,,5010000000.0,1763000000.0,1843000000.0,1589000000.0,-227000000.0,-124000000.0,4826000000.0,-1202000000.0,-4655000000.0,-47000000.0,216000000.0,216000000.0,,2865000000.0,2865000000.0,,,0.0,,-216000000.0,,,
2024-03-31,171966000000.0,57002000000.0,25473000000.0,26216000000.0,11383000000.0,14946000000.0,114964000000.0,19632000000.0,27953000000.0,70902000000.0,34286000000.0,36616000000.0,10132000000.0,,743000000.0,4455000000.0,14125000000.0,101946000000.0,48725000000.0,8174000000.0,,8550000000.0,8550000000.0,46202000000.0,,25082000000.0,8550000000.0,25082000000.0,8550000000.0,28683000000.0,15067000000.0,70020000000.0,75710000000.0,153378000000.0,3120000000.0,2408200000.0,14872000000.0,21228000000.0,13217000000.0,6511000000.0,4624000000.0,5257000000.0,3542000000.0,10248000000.0,364000000.0,-155000000.0,364000000.0,155000000.0,21383000000.0,-2404000000.0,,1100000000.0,3714000000.0,459000000.0,155000000.0,3255000000.0,5014000000.0,3869000000.0,4969000000.0,3255000000.0,3657000000.0,,,-2910000000.0,-2572000000.0,1815000000.0,807000000.0,279000000.0,348000000.0,7107000000.0,-464000000.0,546000000.0,4373000000.0,1475000000.0,1475000000.0,,2869000000.0,2869000000.0,,,2000000.0,,-1475000000.0,,,
2024-06-30,181088000000.0,57817000000.0,24878000000.0,25475000000.0,12169000000.0,15794000000.0,123271000000.0,19748000000.0,28287000000.0,83975000000.0,39725000000.0,44250000000.0,7468000000.0,,597000000.0,4379000000.0,10544000000.0,109550000000.0,53933000000.0,8848000000.0,,9855000000.0,9855000000.0,48698000000.0,,31636000000.0,9855000000.0,31636000000.0,9855000000.0,30921000000.0,14086000000.0,71538000000.0,75689000000.0,155360000000.0,3120000000.0,2406800000.0,15578000000.0,22447000000.0,13637000000.0,6869000000.0,5370000000.0,5681000000.0,3440000000.0,10208000000.0,395000000.0,125000000.0,395000000.0,270000000.0,22447000000.0,-653000000.0,,1100000000.0,5748000000.0,1062000000.0,270000000.0,4686000000.0,4201000000.0,5370000000.0,6470000000.0,4686000000.0,5633000000.0,,,291000000.0,743000000.0,1782000000.0,976000000.0,884000000.0,391000000.0,4686000000.0,-13687000000.0,7544000000.0,5688000000.0,136000000.0,136000000.0,,2985000000.0,2985000000.0,,,6657000000.0,,-136000000.0,,,
2024-09-30,178287000000.0,53249000000.0,19980000000.0,20297000000.0,12603000000.0,16174000000.0,125038000000.0,20479000000.0,28795000000.0,84289000000.0,39490000000.0,44799000000.0,4144000000.0,,317000000.0,4175000000.0,10921000000.0,108129000000.0,51759000000.0,8954000000.0,,4462000000.0,4462000000.0,49518000000.0,,31289000000.0,4462000000.0,31289000000.0,4462000000.0,33509000000.0,14923000000.0,70158000000.0,75619000000.0,155179000000.0,3120000000.0,2407200000.0,15508000000.0,22471000000.0,13682000000.0,6963000000.0,3837000000.0,5478000000.0,4952000000.0,11671000000.0,292000000.0,99000000.0,292000000.0,193000000.0,22471000000.0,-1798000000.0,,1200000000.0,3338000000.0,644000000.0,193000000.0,2694000000.0,1425000000.0,3837000000.0,5037000000.0,2694000000.0,7993000000.0,,300000000.0,5006000000.0,3177000000.0,1846000000.0,1029000000.0,96000000.0,299000000.0,23678000000.0,-3128000000.0,-9882000000.0,-6431000000.0,539000000.0,539000000.0,,2985000000.0,2985000000.0,,,1000000.0,,-539000000.0,,,
2024-12-31,180104000000.0,55893000000.0,24105000000.0,24973000000.0,12444000000.0,14842000000.0,131357000000.0,20518000000.0,28250000000.0,81818000000.0,37618000000.0,44200000000.0,7655000000.0,,868000000.0,,11414000000.0,108614000000.0,50321000000.0,10311000000.0,,6000000000.0,5983000000.0,58293000000.0,,32400000000.0,1749000000.0,30651000000.0,38383000000.0,30255000000.0,17549000000.0,71490000000.0,75680000000.0,155791000000.0,3120000000.0,2407000000.0,15392000000.0,22306000000.0,14749000000.0,7128000000.0,17842000000.0,6453000000.0,-10093000000.0,-2450000000.0,281000000.0,144000000.0,281000000.0,137000000.0,22306000000.0,161000000.0,,1100000000.0,3887000000.0,456000000.0,137000000.0,3431000000.0,4212000000.0,17842000000.0,18942000000.0,3431000000.0,6983000000.0,,0.0,-733000000.0,-1531000000.0,1896000000.0,1612000000.0,-853000000.0,90000000.0,3431000000.0,-1320000000.0,-1340000000.0,2184000000.0,282000000.0,282000000.0,,2984000000.0,2984000000.0,,,0.0,,-282000000.0,,,
