fiscal_date_ending,total_assets,total_current_assets,cash_and_cash_equivalents,cash_and_short_term_investments,inventory,current_net_receivables,total_non_current_assets,property_plant_equipment,accumulated_depreciation_amortization_ppe,intangible_assets,intangible_assets_excluding_goodwill,goodwill,investments,long_term_investments,short_term_investments,other_current_assets,other_non_current_assets,total_liabilities,total_current_liabilities,current_accounts_payable,deferred_revenue,current_debt,short_term_debt,total_non_current_liabilities,capital_lease_obligations,long_term_debt,current_long_term_debt,long_term_debt_non_current,short_long_term_debt_total,other_current_liabilities,other_non_current_liabilities,total_shareholder_equity,treasury_stock,retained_earnings,common_stock,common_stock_shares_outstanding,gross_profit,total_revenue,cost_of_revenue,cost_of_goods_and_services_sold,operating_income,selling_general_and_administrative,research_and_development,operating_expenses,investment_income_net,net_interest_income,interest_income,interest_expense,non_interest_income,other_non_operating_income,depreciation,depreciation_and_amortization,income_before_tax,income_tax_expense,interest_and_debt_expense,net_income_from_continuing_operations,comprehensive_income_net_of_tax,ebit,ebitda,net_income,operating_cashflow,payments_for_operating_activities,proceeds_from_operating_activities,change_in_operating_liabilities,change_in_operating_assets,depreciation_depletion_and_amortization,capital_expenditures,change_in_receivables,change_in_inventory,profit_loss,cashflow_from_investment,cashflow_from_financing,proceeds_from_repayments_of_short_term_debt,payments_for_repurchase_of_common_stock,payments_for_repurchase_of_equity,payments_for_repurchase_of_preferred_stock,dividend_payout,dividend_payout_common_stock,dividend_payout_preferred_stock,proceeds_from_issuance_of_common_stock,proceeds_from_issuance_of_long_term_debt_and_capital_securities_net,proceeds_from_issuance_of_preferred_stock,proceeds_from_repurchase_of_equity,proceeds_from_sale_of_treasury_stock,change_in_cash_and_cash_equivalents,change_in_exchange_rate
2009-06-30,29545000000.0,12676000000.0,12457600000.0,13868600000.0,3478000000.0,3164000000.0,16869000000.0,6873000000.0,3912000000.0,8749000000.0,5947000000.0,2802000000.0,,,1411000000.0,6482900000.0,1247000000.0,17510000000.0,5194000000.0,1755000000.0,,261000000.0,2501800000.0,12316000000.0,,7908000000.0,,7908000000.0,10682900000.0,2148000000.0,2910000000.0,12035000000.0,5383000000.0,10368000000.0,1064000000.0,2108700000.0,1401000000.0,5899900000.0,3246000000.0,1620000000.0,-1088000000.0,1729500000.0,1395300000.0,2489000000.0,70000000.0,-99500000.0,,99500000.0,20000000.0,-3600000.0,,489300000.0,1935300000.0,379000000.0,99500000.0,-926000000.0,671000000.0,2034800000.0,2567600000.0,1556300000.0,749000000.0,,,,,489300000.0,365200000.0,,,1588300000.0,2618800000.0,2975400000.0,,,,,803400000.0,803400000.0,,,,,,,6440500000.0,97300000.0
2009-09-30,30547000000.0,13166000000.0,21816900000.0,22303900000.0,3459000000.0,3127000000.0,17381000000.0,6924000000.0,4088000000.0,8860000000.0,5981000000.0,2879000000.0,,,487000000.0,1512300000.0,1597000000.0,17647000000.0,5089000000.0,1709000000.0,,185000000.0,1051800000.0,12558000000.0,,8033000000.0,,8033000000.0,18183500000.0,1996000000.0,3002000000.0,12900000000.0,5383000000.0,10737000000.0,1066000000.0,2109100000.0,1269000000.0,6049700000.0,3230000000.0,1719000000.0,-1155000000.0,1725500000.0,1254000000.0,2424000000.0,33400000.0,-130700000.0,,130700000.0,-500000.0,2791100000.0,,393700000.0,5045800000.0,1621500000.0,130700000.0,-967000000.0,3299300000.0,5176500000.0,2755200000.0,3424300000.0,-312100000.0,-44800000.0,,-140000000.0,288000000.0,393700000.0,303300000.0,124000000.0,148000000.0,3455300000.0,12011600000.0,-2372400000.0,-114000000.0,,,,144000000.0,803900000.0,38000000.0,,,,93000000.0,,9359300000.0,32200000.0
2009-12-31,112314000000.0,28432000000.0,9311000000.0,9604500000.0,8048000000.0,6603000000.0,84818300000.0,18279000000.0,12595000000.0,59795000000.0,47757000000.0,12038000000.0,666700000.0,432300000.0,293100000.0,4177000000.0,5376000000.0,53256000000.0,15641000000.0,2244000000.0,,1379000000.0,1379200000.0,16074900000.0,,17500000000.0,,16095000000.0,17454100000.0,206600000.0,,59058000000.0,21044000000.0,41405000000.0,1781000000.0,2746500000.0,4060300000.0,10093200000.0,9829000000.0,4280900000.0,-4752800000.0,3455000000.0,1971500000.0,8813100000.0,10400000.0,-169100000.0,,169100000.0,9000000.0,7813300000.0,,1249700000.0,6433700000.0,-59700000.0,169100000.0,5352100000.0,19305300000.0,6602800000.0,1400000000.0,6493400000.0,2242500000.0,1145700000.0,,10300000.0,1564500000.0,1249700000.0,557400000.0,344200000.0,-1082000000.0,6522600000.0,-12864500000.0,-1849100000.0,-2300000000.0,,,,2784000000.0,804200000.0,,,,,19400000.0,,-12505600000.0,-34500000.0
2010-03-31,111593800000.0,28244900000.0,8236000000.0,9777300000.0,6825400000.0,7497700000.0,84661500000.0,17985000000.0,12220300000.0,57841100000.0,45574900000.0,12266200000.0,,1995000000.0,1541300000.0,4144500000.0,5527800000.0,53715700000.0,16455300000.0,2074900000.0,,3822400000.0,3822400000.0,15281100000.0,,15281100000.0,,15281100000.0,19103500000.0,206200000.0,,57878100000.0,21044300000.0,40511400000.0,1786000000.0,3114000000.0,2672700000.0,11422200000.0,8749500000.0,5215600000.0,-2887900000.0,3222000000.0,2051000000.0,5560600000.0,12000000.0,-181000000.0,,181000000.0,-80000000.0,-167000000.0,,1687000000.0,585000000.0,286000000.0,181000000.0,-3203700000.0,-506000000.0,766000000.0,2770000000.0,299000000.0,1366000000.0,129000000.0,,,,1687000000.0,343000000.0,,,330000000.0,-3148000000.0,942000000.0,2620400000.0,,,,1188600000.0,1189000000.0,,,,,195300000.0,,-1075000000.0,-235000000.0
2010-06-30,106170500000.0,26253600000.0,8666000000.0,9942600000.0,6244200000.0,6276100000.0,81011800000.0,17334200000.0,12819800000.0,55506900000.0,43281400000.0,12225500000.0,3606300000.0,2045600000.0,1277000000.0,3790700000.0,5030200000.0,50938800000.0,15420600000.0,2171500000.0,,4147300000.0,4147300000.0,13835300000.0,,18000000000.0,,13835300000.0,17982600000.0,206000000.0,,55231700000.0,22315600000.0,40081800000.0,1786500000.0,3105400000.0,3068400000.0,11346300000.0,8277900000.0,4548900000.0,-2953300000.0,3175000000.0,2179000000.0,6206500000.0,21600000.0,-184800000.0,200000.0,185000000.0,4300000.0,281000000.0,,1948000000.0,1213000000.0,461000000.0,184800000.0,-3069000000.0,-335000000.0,1398000000.0,3456000000.0,752000000.0,3325000000.0,182700000.0,,,,1948000000.0,337000000.0,,,780000000.0,464000000.0,-3463000000.0,-962400000.0,,,,1189300000.0,1189000000.0,,,,,-1255300000.0,,430000000.0,104000000.0
2010-09-30,107840100000.0,27756000000.0,9874000000.0,10624800000.0,6263600000.0,7297500000.0,81326900000.0,17115800000.0,13349600000.0,55435200000.0,42954400000.0,12480800000.0,3169100000.0,2137500000.0,750400000.0,3570100000.0,5395600000.0,52247300000.0,17323300000.0,2242400000.0,,4116000000.0,4116000000.0,14031900000.0,,18100000000.0,,14031900000.0,18148000000.0,7395000000.0,,55592800000.0,22507800000.0,39245400000.0,1788500000.0,3078200000.0,2716000000.0,11124900000.0,8408900000.0,4191400000.0,-3923200000.0,3192000000.0,2322000000.0,6811800000.0,23100000.0,-172600000.0,400000.0,173000000.0,-7900000.0,-1108000000.0,,1880000000.0,468000000.0,126000000.0,172600000.0,-4898000000.0,1500000000.0,641000000.0,3559000000.0,342000000.0,2592000000.0,130000000.0,,,,1880000000.0,338000000.0,,,372000000.0,194000000.0,-1625000000.0,-85000000.0,296000000.0,296100000.0,,1181300000.0,1181000000.0,,,,,-220400000.0,,1208000000.0,47000000.0
2010-12-31,105781000000.0,29064000000.0,10900000000.0,12201000000.0,5868000000.0,7344000000.0,78301000000.0,17082000000.0,13481000000.0,51834000000.0,39456000000.0,12378000000.0,4315000000.0,2175000000.0,1301000000.0,3651000000.0,5626000000.0,51405000000.0,15641000000.0,2308000000.0,,2400000000.0,2400000000.0,15482000000.0,,15482000000.0,,15482000000.0,17882000000.0,8514000000.0,,54376000000.0,22433000000.0,37536000000.0,1788000000.0,3082100000.0,3413000000.0,12093700000.0,8680700000.0,4440100000.0,-5376100000.0,3536000000.0,4559000000.0,8965500000.0,26300000.0,-176400000.0,-400000.0,176000000.0,-130300000.0,-309000000.0,,1866000000.0,-733000000.0,-201000000.0,176400000.0,-5286800000.0,604000000.0,-557000000.0,1620900000.0,-532000000.0,3539000000.0,1921300000.0,,,,1866000000.0,660000000.0,-1089000000.0,1990000000.0,-500000000.0,-1007000000.0,-1295000000.0,-1483000000.0,0.0,-300000.0,,1174800000.0,1175000000.0,,,1993700000.0,,50400000.0,,1026000000.0,-211000000.0
2011-03-31,105865000000.0,31024000000.0,11695000000.0,13029000000.0,6057000000.0,7955000000.0,76450000000.0,16833000000.0,14515000000.0,50113000000.0,37906000000.0,12207000000.0,3609000000.0,2084000000.0,1334000000.0,3983000000.0,5811000000.0,51481000000.0,15662000000.0,2402000000.0,,2202000000.0,2202000000.0,15644000000.0,,15644000000.0,,15644000000.0,17846000000.0,11058000000.0,,54384000000.0,22324000000.0,37400000000.0,1788000000.0,3084000000.0,4341000000.0,11352000000.0,7011000000.0,4059000000.0,-862000000.0,3164000000.0,2158000000.0,5389000000.0,41000000.0,-186000000.0,,186000000.0,-42000000.0,-622000000.0,,1831000000.0,1701000000.0,658000000.0,186000000.0,-1963000000.0,1100000000.0,1887000000.0,4209000000.0,1043000000.0,1721000000.0,144000000.0,,,,1831000000.0,324000000.0,,,1071000000.0,105000000.0,-1172000000.0,-197000000.0,0.0,0.0,,1175000000.0,1175000000.0,,,0.0,,37000000.0,,795000000.0,141000000.0
2011-06-30,106195000000.0,32368000000.0,12342000000.0,13981000000.0,6225000000.0,8475000000.0,70071000000.0,16671000000.0,15195000000.0,49447000000.0,37065000000.0,12382000000.0,3814000000.0,2175000000.0,1639000000.0,3687000000.0,,50699000000.0,15763000000.0,2143000000.0,,2523000000.0,2523000000.0,15783000000.0,,15783000000.0,,15783000000.0,18306000000.0,8747000000.0,,55496000000.0,22416000000.0,38243000000.0,1788000000.0,3086000000.0,3354000000.0,11968000000.0,8614000000.0,4284000000.0,-3019000000.0,3525000000.0,1936000000.0,6555000000.0,51000000.0,-182000000.0,-12000000.0,170000000.0,-1000000.0,-121000000.0,,1832000000.0,1642000000.0,-382000000.0,182000000.0,2054000000.0,2400000000.0,1812000000.0,4332000000.0,2024000000.0,2852000000.0,50000000.0,,,,1832000000.0,365000000.0,,,2054000000.0,-1048000000.0,-1257000000.0,1593000000.0,0.0,0.0,,1176000000.0,1176000000.0,,,0.0,,-189000000.0,,647000000.0,100000000.0
2011-09-30,106534000000.0,34109000000.0,14253000000.0,15576000000.0,6239000000.0,8136000000.0,68526000000.0,16383000000.0,15674000000.0,48050000000.0,35822000000.0,12228000000.0,3746000000.0,2423000000.0,1323000000.0,4158000000.0,,51394000000.0,16593000000.0,2282000000.0,,2455000000.0,2455000000.0,15692000000.0,,15692000000.0,,15692000000.0,18147000000.0,9228000000.0,,55140000000.0,23415000000.0,38763000000.0,1788000000.0,3070000000.0,4077000000.0,11910000000.0,7833000000.0,4352000000.0,-1444000000.0,3340000000.0,1954000000.0,5574000000.0,45000000.0,-189000000.0,-13000000.0,176000000.0,77000000.0,-66000000.0,,1903000000.0,2320000000.0,628000000.0,189000000.0,1724000000.0,1800000000.0,2496000000.0,4472000000.0,1692000000.0,4577000000.0,67000000.0,,,,1903000000.0,431000000.0,,,1724000000.0,-263000000.0,-2244000000.0,-40000000.0,1045000000.0,1045000000.0,,1175000000.0,1175000000.0,,,0.0,,-1013000000.0,,1911000000.0,-159000000.0
2011-12-31,105128000000.0,33181000000.0,13531000000.0,14972000000.0,6254000000.0,8261000000.0,68798000000.0,16297000000.0,16176000000.0,46457000000.0,34302000000.0,12155000000.0,6408000000.0,4344000000.0,1441000000.0,3694000000.0,,50611000000.0,16245000000.0,2023000000.0,,1990000000.0,1990000000.0,15525000000.0,,914549000000.0,,15525000000.0,17515000000.0,10170000000.0,,54517000000.0,23792000000.0,38990000000.0,1788000000.0,3047000000.0,4747000000.0,12061000000.0,7314000000.0,4176000000.0,-934000000.0,3704000000.0,2419000000.0,5873000000.0,62000000.0,-192000000.0,-19000000.0,173000000.0,-41000000.0,-137000000.0,,1861000000.0,1550000000.0,38000000.0,192000000.0,1543000000.0,1056000000.0,1723000000.0,4174000000.0,1512000000.0,3233000000.0,3039000000.0,,,,1861000000.0,603000000.0,1168000000.0,678000000.0,1543000000.0,-1684000000.0,-2231000000.0,-280000000.0,562000000.0,562000000.0,,1165000000.0,1165000000.0,,,0.0,,-435000000.0,,-722000000.0,-40000000.0
2012-03-31,105509000000.0,34344000000.0,14656000000.0,15566000000.0,6339000000.0,8726000000.0,66952000000.0,16124000000.0,16697000000.0,45156000000.0,33000000000.0,12156000000.0,4882000000.0,3972000000.0,910000000.0,3713000000.0,,50649000000.0,16582000000.0,2358000000.0,,2930000000.0,2930000000.0,15228000000.0,,15228000000.0,,15228000000.0,18158000000.0,8823000000.0,,54860000000.0,23804000000.0,39441000000.0,1788000000.0,3043000000.0,4130000000.0,11469000000.0,7339000000.0,4037000000.0,-1034000000.0,3074000000.0,1862000000.0,5359000000.0,75000000.0,-195000000.0,-20000000.0,175000000.0,-67000000.0,-142000000.0,,1790000000.0,2478000000.0,740000000.0,195000000.0,1767000000.0,1653000000.0,2653000000.0,4758000000.0,1738000000.0,2154000000.0,187000000.0,,,,1790000000.0,331000000.0,,,1767000000.0,-270000000.0,-725000000.0,634000000.0,456000000.0,456000000.0,,1279000000.0,1279000000.0,,,0.0,,-77000000.0,,1125000000.0,-34000000.0
2012-06-30,105525000000.0,35639000000.0,16752000000.0,17450000000.0,6249000000.0,8152000000.0,65230000000.0,15867000000.0,17049000000.0,43778000000.0,31620000000.0,12158000000.0,4783000000.0,4085000000.0,698000000.0,3788000000.0,,50331000000.0,16912000000.0,1674000000.0,,3922000000.0,3922000000.0,15057000000.0,,15057000000.0,,15057000000.0,18979000000.0,8917000000.0,,55194000000.0,23968000000.0,39950000000.0,1788000000.0,3041000000.0,4494000000.0,12126000000.0,7632000000.0,4112000000.0,-1191000000.0,3249000000.0,2165000000.0,5857000000.0,76000000.0,-172000000.0,,172000000.0,-13000000.0,-103000000.0,,1804000000.0,2653000000.0,860000000.0,172000000.0,1820000000.0,3677000000.0,2825000000.0,4813000000.0,1793000000.0,2920000000.0,137000000.0,,,,1804000000.0,431000000.0,,,1820000000.0,-298000000.0,-586000000.0,1003000000.0,529000000.0,529000000.0,,1280000000.0,1280000000.0,,,0.0,,-307000000.0,,2096000000.0,60000000.0
2012-09-30,106301000000.0,36229000000.0,17360000000.0,18117000000.0,6731000000.0,7952000000.0,65537000000.0,15884000000.0,17475000000.0,42493000000.0,30325000000.0,12168000000.0,6317000000.0,5560000000.0,757000000.0,3429000000.0,,50554000000.0,15583000000.0,1804000000.0,,2029000000.0,2029000000.0,17571000000.0,,17571000000.0,,17571000000.0,19600000000.0,8923000000.0,,55747000000.0,23862000000.0,40390000000.0,1788000000.0,3045000000.0,3910000000.0,11260000000.0,7350000000.0,4137000000.0,-1221000000.0,3063000000.0,1918000000.0,5309000000.0,47000000.0,-178000000.0,,178000000.0,-50000000.0,-200000000.0,,1723000000.0,2184000000.0,455000000.0,178000000.0,1763000000.0,3544000000.0,2362000000.0,4279000000.0,1729000000.0,3139000000.0,259000000.0,,,,1723000000.0,414000000.0,,,1763000000.0,-1839000000.0,-738000000.0,-1917000000.0,454000000.0,454000000.0,,1277000000.0,1277000000.0,,,2504000000.0,,5000000.0,,608000000.0,46000000.0
2012-12-31,106132000000.0,34857000000.0,13451000000.0,16141000000.0,6535000000.0,7672000000.0,67452000000.0,16030000000.0,17385000000.0,41217000000.0,29083000000.0,12134000000.0,11886000000.0,8605000000.0,2690000000.0,4509000000.0,,53112000000.0,18348000000.0,1753000000.0,,4315000000.0,4315000000.0,16254000000.0,,24238000000.0,1800000000.0,16254000000.0,20569000000.0,9737000000.0,10327000000.0,53020000000.0,24717000000.0,39985000000.0,1788000000.0,3074000000.0,-1790000000.0,11492000000.0,13282000000.0,4160000000.0,-13136000000.0,3390000000.0,2224000000.0,11536000000.0,55000000.0,-190000000.0,,190000000.0,-55000000.0,-670000000.0,,1661000000.0,1292000000.0,385000000.0,190000000.0,949000000.0,-5996000000.0,1482000000.0,3462000000.0,907000000.0,1809000000.0,2815000000.0,,,,1661000000.0,778000000.0,349000000.0,-482000000.0,949000000.0,-4398000000.0,-1218000000.0,904000000.0,1152000000.0,1152000000.0,,1400000000.0,1280000000.0,,,58000000.0,,-902000000.0,,-3909000000.0,-102000000.0
2013-03-31,106200000000.0,35244000000.0,13024000000.0,16022000000.0,6773000000.0,7965000000.0,65847000000.0,15802000000.0,17622000000.0,40315000000.0,28108000000.0,12207000000.0,10946000000.0,7948000000.0,2998000000.0,4484000000.0,,53171000000.0,18802000000.0,2084000000.0,,4736000000.0,4736000000.0,16089000000.0,,16089000000.0,,16089000000.0,20825000000.0,9569000000.0,,53029000000.0,25129000000.0,40272000000.0,1788000000.0,3022000000.0,3180000000.0,10275000000.0,7095000000.0,3959000000.0,-1863000000.0,2987000000.0,1907000000.0,5227000000.0,57000000.0,-184000000.0,,184000000.0,-212000000.0,-282000000.0,,1674000000.0,1527000000.0,-66000000.0,184000000.0,1616000000.0,3239000000.0,1711000000.0,3739000000.0,1593000000.0,2341000000.0,211000000.0,,,,1674000000.0,351000000.0,,,1616000000.0,-1153000000.0,-1421000000.0,880000000.0,580000000.0,580000000.0,,1306000000.0,1306000000.0,,,0.0,,-488000000.0,,-427000000.0,-194000000.0
2013-06-30,106876000000.0,36995000000.0,15090000000.0,18098000000.0,6766000000.0,7779000000.0,64659000000.0,15683000000.0,17594000000.0,38531000000.0,26333000000.0,12198000000.0,11563000000.0,8555000000.0,3008000000.0,4352000000.0,,59376000000.0,18402000000.0,2253000000.0,,5582000000.0,5582000000.0,22526000000.0,,22526000000.0,,22526000000.0,28108000000.0,8872000000.0,,47500000000.0,29334000000.0,39915000000.0,1788000000.0,2977000000.0,3175000000.0,10754000000.0,7579000000.0,4284000000.0,-2221000000.0,3140000000.0,2101000000.0,5597000000.0,65000000.0,-201000000.0,,201000000.0,-55000000.0,-201000000.0,,1655000000.0,1216000000.0,310000000.0,201000000.0,935000000.0,1681000000.0,1417000000.0,3311000000.0,906000000.0,2338000000.0,141000000.0,,,,1655000000.0,413000000.0,,,935000000.0,-1135000000.0,970000000.0,822000000.0,5525000000.0,5525000000.0,,1332000000.0,1332000000.0,,,0.0,,-4976000000.0,,2066000000.0,-107000000.0
2013-09-30,106419000000.0,37765000000.0,14090000000.0,18169000000.0,6741000000.0,7578000000.0,63434000000.0,15323000000.0,17805000000.0,37123000000.0,25002000000.0,12121000000.0,14356000000.0,9198000000.0,4079000000.0,5277000000.0,,59000000000.0,18215000000.0,2469000000.0,,3976000000.0,3976000000.0,22647000000.0,,22647000000.0,,22647000000.0,26623000000.0,9183000000.0,,47419000000.0,29353000000.0,39773000000.0,1788000000.0,2927000000.0,3029000000.0,10806000000.0,7777000000.0,4104000000.0,-2304000000.0,2803000000.0,1660000000.0,5548000000.0,67000000.0,-215000000.0,,215000000.0,-11000000.0,-172000000.0,,1705000000.0,1499000000.0,375000000.0,215000000.0,1150000000.0,2310000000.0,1714000000.0,4326000000.0,1124000000.0,3949000000.0,239000000.0,,,,1705000000.0,355000000.0,,,1150000000.0,-2037000000.0,-2915000000.0,-1551000000.0,215000000.0,215000000.0,,1259000000.0,1259000000.0,,,0.0,,-47000000.0,,-1000000000.0,3000000.0
2013-12-31,105645000000.0,35685000000.0,15621000000.0,17486000000.0,6226000000.0,7184000000.0,64220000000.0,14973000000.0,18121000000.0,36102000000.0,23801000000.0,12301000000.0,14018000000.0,11370000000.0,1865000000.0,4789000000.0,,55880000000.0,17868000000.0,2274000000.0,,4521000000.0,4521000000.0,35451000000.0,,20539000000.0,2100000000.0,20539000000.0,25060000000.0,9501000000.0,8136000000.0,49765000000.0,29591000000.0,39257000000.0,1788000000.0,2927000000.0,-1968000000.0,11157000000.0,13125000000.0,4607000000.0,-12321000000.0,2982000000.0,1835000000.0,10554000000.0,75000000.0,-201000000.0,,201000000.0,-12000000.0,245000000.0,,1954000000.0,1191000000.0,410000000.0,201000000.0,815000000.0,-341000000.0,1392000000.0,3957000000.0,781000000.0,3026000000.0,2631000000.0,,,,1954000000.0,429000000.0,436000000.0,-365000000.0,815000000.0,1177000000.0,-2624000000.0,-310000000.0,196000000.0,196000000.0,,1380000000.0,1260000000.0,,,0.0,,205000000.0,,1531000000.0,-48000000.0
2014-03-31,108460000000.0,41240000000.0,15828000000.0,20513000000.0,6376000000.0,7188000000.0,59964000000.0,14296000000.0,18622000000.0,32637000000.0,20517000000.0,12120000000.0,16392000000.0,11456000000.0,4685000000.0,7163000000.0,,58485000000.0,22470000000.0,2434000000.0,,8559000000.0,8559000000.0,33426000000.0,,19589000000.0,,19589000000.0,28148000000.0,8707000000.0,7956000000.0,49975000000.0,29745000000.0,39661000000.0,1788000000.0,2934000000.0,3462000000.0,10224000000.0,6762000000.0,3903000000.0,-789000000.0,2734000000.0,1574000000.0,4439000000.0,61000000.0,-188000000.0,,188000000.0,148000000.0,163000000.0,,1754000000.0,2065000000.0,360000000.0,188000000.0,1731000000.0,3428000000.0,2253000000.0,4192000000.0,1705000000.0,2361000000.0,168000000.0,25000000.0,,,1754000000.0,205000000.0,,,1731000000.0,-3807000000.0,1620000000.0,3149000000.0,1167000000.0,1167000000.0,,1290000000.0,1290000000.0,,,0.0,,-236000000.0,,207000000.0,33000000.0
2014-06-30,97860000000.0,33587000000.0,9743000000.0,13395000000.0,6136000000.0,7022000000.0,58805000000.0,13893000000.0,18866000000.0,30619000000.0,18830000000.0,11789000000.0,16518000000.0,12618000000.0,3652000000.0,7034000000.0,,49502000000.0,17928000000.0,2326000000.0,,4477000000.0,4477000000.0,31416000000.0,,18590000000.0,,18590000000.0,23067000000.0,8829000000.0,8175000000.0,48358000000.0,31551000000.0,40366000000.0,1788000000.0,2917000000.0,2778000000.0,11467000000.0,8689000000.0,4893000000.0,-1941000000.0,2973000000.0,1664000000.0,4907000000.0,59000000.0,-188000000.0,,188000000.0,721000000.0,650000000.0,,1753000000.0,1862000000.0,-142000000.0,188000000.0,2033000000.0,3743000000.0,2050000000.0,4015000000.0,2004000000.0,2315000000.0,208000000.0,,,,1753000000.0,302000000.0,,,2033000000.0,-49000000.0,-8369000000.0,-5035000000.0,2246000000.0,2246000000.0,,1339000000.0,1339000000.0,,,1000000.0,,-2043000000.0,,-6085000000.0,18000000.0
2014-09-30,101808000000.0,34723000000.0,11370000000.0,14347000000.0,5819000000.0,6515000000.0,62471000000.0,13438000000.0,18761000000.0,33566000000.0,20395000000.0,13171000000.0,16729000000.0,13492000000.0,2977000000.0,8042000000.0,,56584000000.0,25927000000.0,2279000000.0,,9275000000.0,9275000000.0,30521000000.0,,18566000000.0,,18566000000.0,27841000000.0,9808000000.0,6968000000.0,45224000000.0,33895000000.0,39989000000.0,1788000000.0,2879000000.0,2283000000.0,10305000000.0,8022000000.0,4223000000.0,-3175000000.0,2975000000.0,1659000000.0,5458000000.0,69000000.0,-191000000.0,,191000000.0,-61000000.0,166000000.0,,1611000000.0,1543000000.0,648000000.0,191000000.0,842000000.0,341000000.0,1734000000.0,3729000000.0,895000000.0,4348000000.0,168000000.0,,,,1611000000.0,320000000.0,,,842000000.0,-3722000000.0,1279000000.0,4963000000.0,2670000000.0,2670000000.0,,1282000000.0,1282000000.0,,,0.0,,-2423000000.0,,1627000000.0,-278000000.0
2014-12-31,98167000000.0,32605000000.0,7441000000.0,15719000000.0,5571000000.0,6626000000.0,62046000000.0,13136000000.0,18004000000.0,33378000000.0,20386000000.0,12992000000.0,22365000000.0,13852000000.0,8278000000.0,4689000000.0,,49520000000.0,18397000000.0,2625000000.0,,2704000000.0,8000000000.0,30778000000.0,,7719000000.0,1000000000.0,18699000000.0,21403000000.0,10523000000.0,7813000000.0,48647000000.0,35262000000.0,46021000000.0,1788000000.0,2849000000.0,-2177000000.0,9059000000.0,11236000000.0,3749000000.0,-11947000000.0,2925000000.0,2283000000.0,10334000000.0,76000000.0,-165000000.0,,165000000.0,-1258000000.0,10635000000.0,,1573000000.0,11800000000.0,4484000000.0,793000000.0,7327000000.0,5991000000.0,11965000000.0,13964000000.0,7316000000.0,-1035000000.0,8208000000.0,,,,1573000000.0,490000000.0,-554000000.0,79000000.0,7327000000.0,7204000000.0,-9772000000.0,-3537000000.0,1620000000.0,1620000000.0,,1336000000.0,1259000000.0,,,3145000000.0,,-1441000000.0,,-3929000000.0,-326000000.0
2015-03-31,108345000000.0,32927000000.0,7980000000.0,15601000000.0,5539000000.0,6670000000.0,71387000000.0,12910000000.0,16794000000.0,43820000000.0,26080000000.0,17740000000.0,20951000000.0,13092000000.0,7621000000.0,5117000000.0,,60580000000.0,20442000000.0,2091000000.0,,4728000000.0,4728000000.0,39986000000.0,,25506000000.0,,25506000000.0,30234000000.0,9867000000.0,7677000000.0,47765000000.0,35903000000.0,45692000000.0,1788000000.0,2835000000.0,2900000000.0,9166000000.0,6266000000.0,3569000000.0,-1534000000.0,2601000000.0,1737000000.0,4434000000.0,74000000.0,-164000000.0,,164000000.0,-95000000.0,-55000000.0,,1637000000.0,1376000000.0,423000000.0,164000000.0,958000000.0,1109000000.0,1540000000.0,3359000000.0,953000000.0,2284000000.0,138000000.0,,,,1637000000.0,203000000.0,,,958000000.0,-6605000000.0,5155000000.0,2177000000.0,1015000000.0,1015000000.0,,1280000000.0,1280000000.0,,,7941000000.0,,-773000000.0,,539000000.0,-295000000.0
2015-06-30,102582000000.0,28319000000.0,6922000000.0,11370000000.0,5306000000.0,6510000000.0,70070000000.0,12630000000.0,16306000000.0,42457000000.0,24750000000.0,17707000000.0,17988000000.0,13333000000.0,4448000000.0,5133000000.0,,56134000000.0,17508000000.0,2335000000.0,,2483000000.0,2483000000.0,38436000000.0,,24069000000.0,,24069000000.0,26552000000.0,9517000000.0,7913000000.0,46448000000.0,36225000000.0,45103000000.0,1788000000.0,2826000000.0,2267000000.0,8895000000.0,6628000000.0,3754000000.0,-2277000000.0,2624000000.0,1670000000.0,4544000000.0,71000000.0,-174000000.0,,174000000.0,-716000000.0,-739000000.0,,1608000000.0,806000000.0,119000000.0,174000000.0,688000000.0,522000000.0,980000000.0,3496000000.0,687000000.0,2697000000.0,155000000.0,,,,1608000000.0,271000000.0,,,688000000.0,2525000000.0,-5597000000.0,-3706000000.0,709000000.0,709000000.0,,1302000000.0,1302000000.0,,,-1000000.0,,-574000000.0,,-1058000000.0,-683000000.0
2015-09-30,101232000000.0,28567000000.0,7548000000.0,12089000000.0,5123000000.0,6414000000.0,68577000000.0,12482000000.0,16043000000.0,41485000000.0,23724000000.0,17761000000.0,19288000000.0,13080000000.0,4541000000.0,4941000000.0,,55645000000.0,17583000000.0,2023000000.0,,2543000000.0,2543000000.0,37970000000.0,,24124000000.0,,24124000000.0,26667000000.0,9610000000.0,7887000000.0,45587000000.0,37427000000.0,45660000000.0,1788000000.0,2814000000.0,3334000000.0,9680000000.0,6346000000.0,3761000000.0,-751000000.0,2472000000.0,1500000000.0,4085000000.0,68000000.0,-165000000.0,,165000000.0,-228000000.0,170000000.0,,1570000000.0,2392000000.0,566000000.0,165000000.0,1831000000.0,1585000000.0,2557000000.0,4473000000.0,1826000000.0,3311000000.0,159000000.0,,,,1570000000.0,316000000.0,,,1831000000.0,-61000000.0,-2539000000.0,3000000.0,1281000000.0,1281000000.0,,1272000000.0,1272000000.0,,,-2000000.0,,-1224000000.0,,626000000.0,-85000000.0
2015-12-31,101677000000.0,29751000000.0,8524000000.0,13427000000.0,4700000000.0,6484000000.0,68183000000.0,12507000000.0,15923000000.0,40325000000.0,22602000000.0,17723000000.0,20055000000.0,13741000000.0,4903000000.0,5140000000.0,,57001000000.0,19201000000.0,2533000000.0,,2583000000.0,2585000000.0,37809000000.0,,9017000000.0,2300000000.0,23829000000.0,26514000000.0,11216000000.0,7345000000.0,44676000000.0,38534000000.0,45348000000.0,1788000000.0,2789000000.0,-1773000000.0,9807000000.0,11580000000.0,3850000000.0,-11981000000.0,2615000000.0,1798000000.0,10208000000.0,75000000.0,-169000000.0,,169000000.0,-239000000.0,-903000000.0,,1560000000.0,811000000.0,-166000000.0,169000000.0,982000000.0,1402000000.0,980000000.0,3017000000.0,977000000.0,4246000000.0,2001000000.0,,,,1560000000.0,493000000.0,-480000000.0,805000000.0,982000000.0,-617000000.0,-2406000000.0,-14000000.0,1181000000.0,1181000000.0,,1263000000.0,1263000000.0,,,0.0,,-1130000000.0,,976000000.0,-247000000.0
2016-03-31,98755000000.0,28772000000.0,9716000000.0,12927000000.0,5102000000.0,6850000000.0,65372000000.0,12360000000.0,16052000000.0,39148000000.0,21364000000.0,17784000000.0,16928000000.0,12554000000.0,3227000000.0,3877000000.0,,54949000000.0,17568000000.0,2241000000.0,,2113000000.0,2113000000.0,37286000000.0,,23656000000.0,2113000000.0,23656000000.0,25769000000.0,10043000000.0,7374000000.0,43806000000.0,39125000000.0,45192000000.0,1788000000.0,2774000000.0,2844000000.0,9102000000.0,6258000000.0,3572000000.0,-1501000000.0,2318000000.0,1659000000.0,4345000000.0,79000000.0,-172000000.0,,172000000.0,-38000000.0,-48000000.0,,1561000000.0,1619000000.0,494000000.0,172000000.0,1130000000.0,1079000000.0,1791000000.0,3486000000.0,1125000000.0,2173000000.0,334000000.0,,,,1561000000.0,279000000.0,,,1130000000.0,1741000000.0,-2866000000.0,0.0,913000000.0,913000000.0,,1279000000.0,1279000000.0,,,0.0,,-711000000.0,,1192000000.0,144000000.0
2016-06-30,96475000000.0,27926000000.0,6608000000.0,11834000000.0,5248000000.0,6916000000.0,63100000000.0,11987000000.0,16005000000.0,38124000000.0,20315000000.0,17809000000.0,19031000000.0,11879000000.0,5226000000.0,3928000000.0,,53118000000.0,14918000000.0,2514000000.0,,644000000.0,644000000.0,38111000000.0,,23642000000.0,644000000.0,23642000000.0,24286000000.0,9255000000.0,8378000000.0,43357000000.0,39377000000.0,45121000000.0,1788000000.0,2768000000.0,3176000000.0,9636000000.0,6460000000.0,3578000000.0,-1742000000.0,2458000000.0,2151000000.0,4918000000.0,78000000.0,-171000000.0,,171000000.0,-37000000.0,-19000000.0,,1550000000.0,1500000000.0,295000000.0,171000000.0,1209000000.0,1313000000.0,1671000000.0,3396000000.0,1205000000.0,1600000000.0,298000000.0,,,,1550000000.0,375000000.0,,,1209000000.0,-1498000000.0,-3366000000.0,-9000000.0,660000000.0,660000000.0,,1300000000.0,1300000000.0,,,8000000.0,,-481000000.0,,-3108000000.0,156000000.0
2016-09-30,98335000000.0,29440000000.0,7907000000.0,13067000000.0,5244000000.0,7364000000.0,63566000000.0,12029000000.0,16022000000.0,38766000000.0,20506000000.0,18260000000.0,18482000000.0,11657000000.0,5160000000.0,3765000000.0,,54591000000.0,15555000000.0,2481000000.0,,1487000000.0,1487000000.0,38823000000.0,,23656000000.0,1487000000.0,23656000000.0,25143000000.0,9087000000.0,8793000000.0,43744000000.0,39717000000.0,46028000000.0,1788000000.0,2765000000.0,4400000000.0,10363000000.0,5963000000.0,3409000000.0,182000000.0,2393000000.0,1664000000.0,4218000000.0,87000000.0,-170000000.0,,170000000.0,-3000000.0,-22000000.0,,1175000000.0,2883000000.0,699000000.0,170000000.0,2188000000.0,2018000000.0,3053000000.0,4396000000.0,2184000000.0,2971000000.0,289000000.0,,,,1175000000.0,409000000.0,,,2188000000.0,-890000000.0,-835000000.0,918000000.0,845000000.0,845000000.0,,1274000000.0,1274000000.0,,,0.0,,-436000000.0,,1299000000.0,53000000.0
2016-12-31,95377000000.0,30614000000.0,6515000000.0,14341000000.0,4866000000.0,7018000000.0,60741000000.0,12026000000.0,15749000000.0,35467000000.0,17305000000.0,18162000000.0,21889000000.0,12131000000.0,7826000000.0,4389000000.0,,55289000000.0,17204000000.0,2807000000.0,,568000000.0,568000000.0,37865000000.0,,8701000000.0,300000000.0,24274000000.0,24842000000.0,10274000000.0,8514000000.0,40088000000.0,40546000000.0,44133000000.0,1788000000.0,2757000000.0,-3526000000.0,10707000000.0,13366000000.0,3471000000.0,-18951000000.0,2848000000.0,4786000000.0,15425000000.0,84000000.0,-180000000.0,,180000000.0,-95000000.0,-101000000.0,,1155000000.0,-1364000000.0,-769000000.0,180000000.0,-587000000.0,-1569000000.0,-1184000000.0,339000000.0,-595000000.0,3632000000.0,2325000000.0,,,,1185000000.0,551000000.0,-619000000.0,206000000.0,-587000000.0,-2563000000.0,-1977000000.0,-909000000.0,1016000000.0,1016000000.0,,1271000000.0,1271000000.0,,,1071000000.0,,-867000000.0,,-1392000000.0,-484000000.0
2017-03-31,96561000000.0,31530000000.0,11708000000.0,15249000000.0,5146000000.0,7066000000.0,60249000000.0,12042000000.0,16171000000.0,35221000000.0,16863000000.0,18358000000.0,16896000000.0,11896000000.0,3541000000.0,4069000000.0,,56724000000.0,19823000000.0,2484000000.0,,5037000000.0,5037000000.0,36650000000.0,,23437000000.0,5037000000.0,23437000000.0,28474000000.0,8658000000.0,8324000000.0,39837000000.0,41157000000.0,44387000000.0,1788000000.0,2745000000.0,3603000000.0,9435000000.0,5657000000.0,3049000000.0,-835000000.0,2472000000.0,1830000000.0,4438000000.0,97000000.0,-182000000.0,,182000000.0,8000000.0,71000000.0,,1193000000.0,1998000000.0,447000000.0,182000000.0,1556000000.0,1697000000.0,2180000000.0,3521000000.0,1551000000.0,286000000.0,383000000.0,,,,1193000000.0,339000000.0,,,1556000000.0,3193000000.0,1461000000.0,3784000000.0,1019000000.0,1019000000.0,,1294000000.0,1294000000.0,,,0.0,,-706000000.0,,5193000000.0,253000000.0
2017-06-30,92804000000.0,28167000000.0,7786000000.0,11967000000.0,5407000000.0,7439000000.0,59785000000.0,12094000000.0,16375000000.0,34477000000.0,16119000000.0,18358000000.0,17479000000.0,12138000000.0,4181000000.0,3354000000.0,,53341000000.0,18758000000.0,2934000000.0,,3181000000.0,3181000000.0,34334000000.0,,21706000000.0,24910000000.0,21706000000.0,24887000000.0,9363000000.0,8068000000.0,39463000000.0,42053000000.0,45046000000.0,1788000000.0,2734000000.0,4034000000.0,9930000000.0,5684000000.0,3116000000.0,-319000000.0,2500000000.0,1782000000.0,4353000000.0,96000000.0,-193000000.0,,193000000.0,-19000000.0,73000000.0,,1162000000.0,2434000000.0,488000000.0,193000000.0,1951000000.0,1932000000.0,2627000000.0,3979000000.0,1946000000.0,3317000000.0,361000000.0,,,,1162000000.0,393000000.0,,,1951000000.0,-1127000000.0,-6218000000.0,-3808000000.0,1134000000.0,1134000000.0,,1307000000.0,1307000000.0,,,0.0,,-1039000000.0,,-3922000000.0,106000000.0
2017-09-30,91676000000.0,27919000000.0,7901000000.0,11195000000.0,5263000000.0,7671000000.0,58902000000.0,12189000000.0,16661000000.0,33478000000.0,15138000000.0,18340000000.0,16455000000.0,12206000000.0,3294000000.0,3790000000.0,,53428000000.0,19467000000.0,2620000000.0,,5157000000.0,5157000000.0,33710000000.0,,21838000000.0,3000000.0,21838000000.0,26995000000.0,9992000000.0,7713000000.0,38248000000.0,42119000000.0,43701000000.0,1788000000.0,2727000000.0,4069000000.0,10325000000.0,6073000000.0,3307000000.0,-3113000000.0,2459000000.0,4413000000.0,7182000000.0,90000000.0,-189000000.0,,189000000.0,6000000.0,207000000.0,,1154000000.0,195000000.0,251000000.0,189000000.0,-51000000.0,93000000.0,384000000.0,1690000000.0,-56000000.0,-1171000000.0,324000000.0,,,,1154000000.0,441000000.0,,,-51000000.0,671000000.0,536000000.0,1986000000.0,159000000.0,159000000.0,,1283000000.0,1283000000.0,,,0.0,,-86000000.0,,115000000.0,79000000.0
2017-12-31,87872000000.0,24766000000.0,6092000000.0,8498000000.0,5096000000.0,6873000000.0,58985000000.0,12439000000.0,16602000000.0,32467000000.0,14183000000.0,18284000000.0,16080000000.0,12892000000.0,2406000000.0,4299000000.0,,53536000000.0,18614000000.0,3102000000.0,,3057000000.0,57000000.0,32470000000.0,,10700000000.0,3000000000.0,21353000000.0,10700000000.0,10427000000.0,11117000000.0,34336000000.0,43794000000.0,41350000000.0,1788000000.0,2715000000.0,307000000.0,10433000000.0,9761000000.0,3440000000.0,-8329000000.0,2642000000.0,2315000000.0,8636000000.0,101000000.0,-190000000.0,,190000000.0,-175000000.0,149000000.0,,1128000000.0,1871000000.0,2917000000.0,381000000.0,-1038000000.0,-1011000000.0,2061000000.0,3487000000.0,-1046000000.0,4019000000.0,5277000000.0,,,,1167000000.0,715000000.0,297000000.0,-145000000.0,-1038000000.0,-58000000.0,-5785000000.0,-1988000000.0,1702000000.0,1702000000.0,,1283000000.0,1283000000.0,,,0.0,,-1684000000.0,,-1809000000.0,19000000.0
2018-03-31,86041000000.0,24085000000.0,4483000000.0,7346000000.0,5382000000.0,7245000000.0,56534000000.0,12561000000.0,16483000000.0,31804000000.0,13500000000.0,18304000000.0,14315000000.0,11033000000.0,2863000000.0,4112000000.0,,52373000000.0,16960000000.0,3162000000.0,,2055000000.0,2055000000.0,32974000000.0,,21501000000.0,1000000.0,21501000000.0,23556000000.0,9709000000.0,11473000000.0,33668000000.0,44041000000.0,41107000000.0,1788000000.0,2695000000.0,4058000000.0,10037000000.0,5787000000.0,3184000000.0,-1741000000.0,2508000000.0,3196000000.0,5799000000.0,85000000.0,-185000000.0,,185000000.0,-7000000.0,291000000.0,,1137000000.0,1340000000.0,604000000.0,185000000.0,741000000.0,860000000.0,1525000000.0,2744000000.0,736000000.0,1155000000.0,389000000.0,,,,1137000000.0,450000000.0,,-911000000.0,741000000.0,-197000000.0,-2722000000.0,-1000000.0,566000000.0,566000000.0,,1299000000.0,1299000000.0,,,0.0,,-336000000.0,,-1764000000.0,
2018-06-30,85040000000.0,24064000000.0,5310000000.0,10269000000.0,5178000000.0,7287000000.0,55192000000.0,12626000000.0,16567000000.0,31172000000.0,12898000000.0,18274000000.0,25723000000.0,10033000000.0,4959000000.0,4005000000.0,,52511000000.0,18128000000.0,3024000000.0,,3379000000.0,3379000000.0,31987000000.0,,19959000000.0,2000000.0,19959000000.0,23338000000.0,9755000000.0,12028000000.0,32529000000.0,45401000000.0,41523000000.0,1788000000.0,2683000000.0,4442000000.0,10465000000.0,6023000000.0,3417000000.0,-568000000.0,2508000000.0,2274000000.0,5010000000.0,81000000.0,-194000000.0,,194000000.0,-71000000.0,48000000.0,,1290000000.0,2077000000.0,370000000.0,194000000.0,1716000000.0,1645000000.0,2271000000.0,3716000000.0,1707000000.0,3382000000.0,116000000.0,,,,1290000000.0,583000000.0,,-911000000.0,1716000000.0,673000000.0,-2967000000.0,2070000000.0,1596000000.0,1596000000.0,,1311000000.0,1311000000.0,,,0.0,,-1527000000.0,,1806000000.0,
2018-09-30,85130000000.0,26836000000.0,7826000000.0,13063000000.0,5416000000.0,7374000000.0,52088000000.0,12755000000.0,16568000000.0,30433000000.0,12175000000.0,18258000000.0,21006000000.0,7606000000.0,5237000000.0,3761000000.0,,52708000000.0,18586000000.0,3091000000.0,,3656000000.0,3656000000.0,31823000000.0,,19936000000.0,2000000.0,19936000000.0,23592000000.0,9776000000.0,11887000000.0,32422000000.0,46166000000.0,42189000000.0,1788000000.0,2662000000.0,4680000000.0,10794000000.0,6114000000.0,3619000000.0,-2000000.0,2443000000.0,2068000000.0,4682000000.0,92000000.0,-190000000.0,,190000000.0,-42000000.0,172000000.0,,1094000000.0,2657000000.0,707000000.0,190000000.0,1958000000.0,1921000000.0,2847000000.0,3964000000.0,1950000000.0,2793000000.0,200000000.0,,,,1094000000.0,653000000.0,,-911000000.0,1958000000.0,1660000000.0,-1905000000.0,225000000.0,996000000.0,996000000.0,,1285000000.0,1285000000.0,,,0.0,,-834000000.0,,2049000000.0,
2018-12-31,82637000000.0,25875000000.0,7965000000.0,10214000000.0,5440000000.0,7071000000.0,50625000000.0,13291000000.0,16324000000.0,31357000000.0,13104000000.0,18253000000.0,15303000000.0,6233000000.0,2249000000.0,4500000000.0,,55936000000.0,22206000000.0,3318000000.0,,5308000000.0,17000000000.0,31847000000.0,,8100000000.0,,19806000000.0,25100000000.0,10151000000.0,12041000000.0,26701000000.0,50929000000.0,42579000000.0,1788000000.0,2616000000.0,1860000000.0,10998000000.0,9138000000.0,3289000000.0,-6331000000.0,2643000000.0,2214000000.0,8191000000.0,86000000.0,-203000000.0,,203000000.0,-26000000.0,-110000000.0,,1095000000.0,2653000000.0,826000000.0,203000000.0,1778000000.0,1433000000.0,2856000000.0,3742000000.0,1827000000.0,3592000000.0,1682000000.0,,,,998000000.0,929000000.0,-418000000.0,-911000000.0,1778000000.0,2178000000.0,-5566000000.0,2830000000.0,5933000000.0,5933000000.0,,1277000000.0,1277000000.0,,,0.0,,-5803000000.0,,204000000.0,
2019-03-31,82354000000.0,25351000000.0,8076000000.0,10125000000.0,5712000000.0,7608000000.0,49694000000.0,13506000000.0,16623000000.0,29169000000.0,10999000000.0,18170000000.0,13706000000.0,5621000000.0,2049000000.0,3233000000.0,,54815000000.0,18543000000.0,3018000000.0,,3175000000.0,3175000000.0,34306000000.0,,22721000000.0,3175000000.0,22721000000.0,25896000000.0,10081000000.0,11585000000.0,27539000000.0,51736000000.0,44065000000.0,1788000000.0,2585000000.0,5223000000.0,10816000000.0,5593000000.0,3052000000.0,610000000.0,2425000000.0,1931000000.0,4613000000.0,89000000.0,-209000000.0,246000000.0,209000000.0,-101000000.0,-188000000.0,,898000000.0,3120000000.0,205000000.0,209000000.0,2862000000.0,3114000000.0,3329000000.0,4453000000.0,2915000000.0,1336000000.0,101000000.0,,,,898000000.0,595000000.0,,-508000000.0,2862000000.0,368000000.0,-1614000000.0,-4135000000.0,1090000000.0,1090000000.0,,1428000000.0,1428000000.0,,,4958000000.0,,-917000000.0,,90000000.0,
2019-06-30,83965000000.0,24298000000.0,6659000000.0,8259000000.0,5847000000.0,7964000000.0,53039000000.0,13862000000.0,17049000000.0,32871000000.0,13381000000.0,19490000000.0,9405000000.0,3779000000.0,1600000000.0,3382000000.0,,56330000000.0,20085000000.0,3142000000.0,,3816000000.0,3575000000.0,36895000000.0,,23025000000.0,241000000.0,22771000000.0,26600000000.0,11054000000.0,11283000000.0,27635000000.0,53570000000.0,45295000000.0,1788000000.0,2574000000.0,5650000000.0,11760000000.0,6110000000.0,3401000000.0,612000000.0,2712000000.0,2189000000.0,5038000000.0,75000000.0,-233000000.0,75000000.0,233000000.0,-27000000.0,-140000000.0,,973000000.0,3285000000.0,615000000.0,233000000.0,2644000000.0,2654000000.0,3518000000.0,4493000000.0,2670000000.0,3084000000.0,65000000.0,,,,973000000.0,782000000.0,,-508000000.0,2644000000.0,-2425000000.0,-2084000000.0,603000000.0,1235000000.0,1235000000.0,,1468000000.0,1468000000.0,,,0.0,,-1104000000.0,,2690000000.0,
2019-09-30,83331000000.0,26142000000.0,7869000000.0,8838000000.0,5855000000.0,8442000000.0,50785000000.0,14287000000.0,17281000000.0,31787000000.0,12307000000.0,19480000000.0,5549000000.0,2111000000.0,969000000.0,2312000000.0,,56493000000.0,20684000000.0,3198000000.0,,3411000000.0,3170000000.0,36501000000.0,,22930000000.0,241000000.0,22677000000.0,26100000000.0,11768000000.0,11085000000.0,26838000000.0,54925000000.0,45804000000.0,1788000000.0,2558000000.0,5102000000.0,12397000000.0,7295000000.0,3990000000.0,-1535000000.0,2589000000.0,3204000000.0,6637000000.0,61000000.0,-231000000.0,61000000.0,231000000.0,-38000000.0,-35000000.0,,845000000.0,2341000000.0,440000000.0,231000000.0,1907000000.0,1873000000.0,2572000000.0,3677000000.0,1901000000.0,4226000000.0,71000000.0,,,,845000000.0,959000000.0,,-508000000.0,1907000000.0,191000000.0,-3152000000.0,-360000000.0,1405000000.0,1405000000.0,,1394000000.0,1394000000.0,,,0.0,,-1365000000.0,,1937000000.0,
2019-12-31,84397000000.0,27483000000.0,9676000000.0,12037000000.0,5978000000.0,6778000000.0,52696000000.0,14297000000.0,17686000000.0,32265000000.0,14196000000.0,18069000000.0,5154000000.0,1469000000.0,2361000000.0,4277000000.0,,58490000000.0,22220000000.0,3738000000.0,,3610000000.0,1474000000.0,36944000000.0,,24826000000.0,1900000000.0,22736000000.0,26300000000.0,12549000000.0,11970000000.0,25907000000.0,55950000000.0,46602000000.0,1788000000.0,2544000000.0,3076000000.0,4149000000.0,8792000000.0,1573000000.0,-4731000000.0,1729000000.0,2400000000.0,7807000000.0,49000000.0,-219000000.0,49000000.0,219000000.0,-21000000.0,233000000.0,,936000000.0,2662000000.0,306000000.0,219000000.0,-1724000000.0,1553000000.0,2881000000.0,4041000000.0,2356000000.0,4794000000.0,4677000000.0,,,,936000000.0,1033000000.0,294000000.0,-508000000.0,2363000000.0,-763000000.0,-2011000000.0,182000000.0,1050000000.0,1050000000.0,,1405000000.0,1405000000.0,,,0.0,,-1033000000.0,,2020000000.0,
2020-03-31,84913000000.0,26174000000.0,7425000000.0,8211000000.0,5846000000.0,8182000000.0,53317000000.0,15269000000.0,17706000000.0,35863000000.0,16096000000.0,19767000000.0,2115000000.0,555000000.0,786000000.0,3084000000.0,,58708000000.0,23483000000.0,3572000000.0,,6361000000.0,6361000000.0,35130000000.0,,21637000000.0,6361000000.0,21637000000.0,28000000000.0,10932000000.0,11550000000.0,26205000000.0,57161000000.0,48272000000.0,1788000000.0,2533000000.0,6208000000.0,12057000000.0,5849000000.0,3312000000.0,1372000000.0,2555000000.0,2209000000.0,4836000000.0,25000000.0,-212000000.0,25000000.0,212000000.0,-54000000.0,-71000000.0,411000000.0,821000000.0,3838000000.0,619000000.0,212000000.0,2471000000.0,3021000000.0,4050000000.0,4945000000.0,3219000000.0,707000000.0,290000000.0,,,,821000000.0,986000000.0,,-855000000.0,3219000000.0,-1628000000.0,-1490000000.0,3583000000.0,1281000000.0,1281000000.0,,1551000000.0,1551000000.0,,,0.0,,-1255000000.0,,-2411000000.0,
2020-06-30,90615000000.0,29343000000.0,11103000000.0,12410000000.0,6056000000.0,7577000000.0,55594000000.0,15789000000.0,18182000000.0,36633000000.0,16566000000.0,20067000000.0,2962000000.0,1251000000.0,1307000000.0,2686000000.0,,62973000000.0,22178000000.0,3448000000.0,,4718000000.0,4718000000.0,40693000000.0,,26156000000.0,4718000000.0,26156000000.0,30900000000.0,11182000000.0,12446000000.0,27642000000.0,56850000000.0,49724000000.0,1788000000.0,2527000000.0,5332000000.0,9353000000.0,5540000000.0,2747000000.0,748000000.0,2085000000.0,2085000000.0,4584000000.0,14000000.0,-209000000.0,14000000.0,209000000.0,-24000000.0,387000000.0,397000000.0,975000000.0,3398000000.0,396000000.0,209000000.0,2341000000.0,3000000000.0,3607000000.0,3480000000.0,3002000000.0,3367000000.0,201000000.0,,,,1048000000.0,567000000.0,,-855000000.0,3010000000.0,-882000000.0,1137000000.0,-1616000000.0,0.0,0.0,,1577000000.0,1577000000.0,,,4445000000.0,,14000000.0,,3131000000.0,
2020-09-30,89800000000.0,26577000000.0,7356000000.0,8833000000.0,6128000000.0,8422000000.0,57297000000.0,16919000000.0,18572000000.0,36925000000.0,16677000000.0,20248000000.0,3164000000.0,1372000000.0,1477000000.0,2590000000.0,,60614000000.0,20405000000.0,3744000000.0,,2420000000.0,2420000000.0,40125000000.0,,26321000000.0,2420000000.0,26321000000.0,28700000000.0,11690000000.0,12027000000.0,29186000000.0,56815000000.0,51107000000.0,1788000000.0,2529000000.0,6594000000.0,10929000000.0,5957000000.0,3013000000.0,640000000.0,2060000000.0,3349000000.0,5954000000.0,9000000.0,-203000000.0,156000000.0,203000000.0,-10000000.0,312000000.0,402000000.0,807000000.0,3321000000.0,380000000.0,203000000.0,2324000000.0,2951000000.0,3524000000.0,3479000000.0,2941000000.0,2173000000.0,141000000.0,,,,852000000.0,1445000000.0,,-855000000.0,2945000000.0,-2155000000.0,-3851000000.0,-2278000000.0,0.0,0.0,,1545000000.0,1545000000.0,,,-26000000.0,,28000000.0,,3071000000.0,
2020-12-31,91588000000.0,27764000000.0,8050000000.0,9849000000.0,5554000000.0,7851000000.0,57535000000.0,17000000000.0,18162000000.0,32983000000.0,14101000000.0,18882000000.0,2843000000.0,785000000.0,1787000000.0,4674000000.0,,66271000000.0,27327000000.0,4327000000.0,,6431000000.0,4131000000.0,40219000000.0,,27669000000.0,2300000000.0,25360000000.0,31800000000.0,12212000000.0,12306000000.0,25317000000.0,56787000000.0,47362000000.0,1788000000.0,2530000000.0,85000000.0,10948000000.0,12430000000.0,5029000000.0,-12729000000.0,2619000000.0,5788000000.0,12814000000.0,11000000.0,-207000000.0,11000000.0,207000000.0,-56000000.0,253000000.0,459000000.0,904000000.0,-2025000000.0,69000000.0,207000000.0,-2617000000.0,-2345000000.0,-1818000000.0,-891000000.0,-2094000000.0,4006000000.0,3217000000.0,,,,904000000.0,1431000000.0,-1002000000.0,-895000000.0,-2091000000.0,-4778000000.0,1372000000.0,2860000000.0,0.0,0.0,,1542000000.0,1542000000.0,,,0.0,,21000000.0,,600000000.0,
2021-03-31,90847000000.0,26909000000.0,6981000000.0,8577000000.0,6402000000.0,8235000000.0,55627000000.0,18295000000.0,18732000000.0,34613000000.0,14401000000.0,20212000000.0,2642000000.0,544000000.0,1596000000.0,3116000000.0,,63902000000.0,26361000000.0,4034000000.0,,7251000000.0,7251000000.0,37447000000.0,,24002000000.0,7251000000.0,24002000000.0,31300000000.0,11911000000.0,12241000000.0,26945000000.0,56722000000.0,48888000000.0,1788000000.0,2531000000.0,5568000000.0,10627000000.0,6512000000.0,3199000000.0,172000000.0,2187000000.0,2412000000.0,5396000000.0,11000000.0,-200000000.0,11000000.0,200000000.0,-47000000.0,455000000.0,378000000.0,892000000.0,3417000000.0,238000000.0,200000000.0,2745000000.0,3191000000.0,3617000000.0,3843000000.0,3179000000.0,1791000000.0,227000000.0,,,,930000000.0,1082000000.0,,-674000000.0,3186000000.0,-738000000.0,-2098000000.0,788000000.0,0.0,0.0,,1645000000.0,1645000000.0,,,0.0,,9000000.0,,-1045000000.0,
2021-06-30,90688000000.0,28665000000.0,8575000000.0,10154000000.0,5499000000.0,7843000000.0,53382000000.0,18064000000.0,18236000000.0,32495000000.0,13622000000.0,18873000000.0,832000000.0,411000000.0,1579000000.0,4336000000.0,,57394000000.0,21906000000.0,3897000000.0,,2488000000.0,2488000000.0,35394000000.0,,24033000000.0,2488000000.0,24033000000.0,26500000000.0,12888000000.0,9872000000.0,33294000000.0,56682000000.0,48777000000.0,1788000000.0,2533000000.0,6045000000.0,11402000000.0,5357000000.0,3104000000.0,-639000000.0,2281000000.0,4321000000.0,6684000000.0,9000000.0,-202000000.0,9000000.0,202000000.0,-114000000.0,103000000.0,371000000.0,728000000.0,2048000000.0,503000000.0,202000000.0,1213000000.0,3090000000.0,2250000000.0,2563000000.0,1545000000.0,3263000000.0,160000000.0,,,,690000000.0,986000000.0,,-674000000.0,3263000000.0,-2707000000.0,1758000000.0,-4771000000.0,239000000.0,239000000.0,,1673000000.0,1673000000.0,,,0.0,,-197000000.0,,3263000000.0,
2021-09-30,93494000000.0,31058000000.0,10016000000.0,11931000000.0,5603000000.0,8571000000.0,53619000000.0,18565000000.0,18155000000.0,32246000000.0,13384000000.0,18862000000.0,901000000.0,435000000.0,1915000000.0,4495000000.0,,57700000000.0,23728000000.0,3366000000.0,,3534000000.0,3534000000.0,33903000000.0,,22907000000.0,3534000000.0,22907000000.0,26400000000.0,14214000000.0,9469000000.0,35794000000.0,57244000000.0,51691000000.0,1788000000.0,2530000000.0,7221000000.0,13154000000.0,5933000000.0,3450000000.0,2333000000.0,2336000000.0,2445000000.0,4888000000.0,7000000.0,-196000000.0,684000000.0,196000000.0,-46000000.0,450000000.0,399000000.0,759000000.0,5262000000.0,695000000.0,196000000.0,4567000000.0,4605000000.0,5458000000.0,5691000000.0,4567000000.0,9837000000.0,73000000.0,,,,759000000.0,1172000000.0,,-674000000.0,9837000000.0,135000000.0,-2274000000.0,0.0,583000000.0,583000000.0,,1649000000.0,1649000000.0,,,0.0,,-566000000.0,,9972000000.0,
2021-12-31,105694000000.0,30266000000.0,8096000000.0,8096000000.0,5953000000.0,9230000000.0,69326000000.0,19279000000.0,18192000000.0,44197000000.0,22933000000.0,21264000000.0,1005000000.0,2070000000.0,0.0,6987000000.0,,67510000000.0,23872000000.0,4609000000.0,,2412000000.0,112000000.0,44790000000.0,,32988000000.0,2300000000.0,30690000000.0,33100000000.0,13859000000.0,9434000000.0,38184000000.0,57109000000.0,53696000000.0,1788000000.0,2527000000.0,4794000000.0,13521000000.0,8727000000.0,3874000000.0,-3180000000.0,2830000000.0,3068000000.0,7974000000.0,9000000.0,-209000000.0,381000000.0,209000000.0,1305000000.0,334000000.0,430000000.0,835000000.0,3843000000.0,85000000.0,209000000.0,3820000000.0,3919000000.0,4052000000.0,4817000000.0,3758000000.0,13901000000.0,2888000000.0,,,,835000000.0,1208000000.0,-2033000000.0,-674000000.0,7671000000.0,-12049000000.0,5207000000.0,-3000000.0,18000000.0,18000000.0,,1643000000.0,1643000000.0,,,7936000000.0,,116000000.0,,6995000000.0,
2022-03-31,106668000000.0,31184000000.0,8556000000.0,8928000000.0,5774000000.0,9828000000.0,68038000000.0,19747000000.0,18498000000.0,44280000000.0,23022000000.0,21258000000.0,1449000000.0,1516000000.0,372000000.0,6654000000.0,,65785000000.0,22316000000.0,3715000000.0,,1208000000.0,1208000000.0,43399000000.0,,30586000000.0,1208000000.0,30586000000.0,31800000000.0,14051000000.0,9742000000.0,40883000000.0,57063000000.0,56252000000.0,1788000000.0,2528000000.0,8266000000.0,15901000000.0,7635000000.0,5380000000.0,3314000000.0,2323000000.0,2576000000.0,4952000000.0,7000000.0,-243000000.0,7000000.0,243000000.0,-39000000.0,-708000000.0,421000000.0,1120000000.0,4864000000.0,554000000.0,243000000.0,4310000000.0,4370000000.0,5107000000.0,7024000000.0,4310000000.0,4761000000.0,113000000.0,,,,1120000000.0,984000000.0,,,4307000000.0,-1173000000.0,-3086000000.0,0.0,0.0,0.0,,1745000000.0,1745000000.0,,,0.0,,12000000.0,,9421000000.0,
2022-06-30,107095000000.0,32116000000.0,9675000000.0,10128000000.0,5535000000.0,9643000000.0,67576000000.0,20059000000.0,17798000000.0,43710000000.0,22497000000.0,21213000000.0,1582000000.0,1043000000.0,453000000.0,6810000000.0,,63852000000.0,23168000000.0,3482000000.0,,2979000000.0,2979000000.0,40609000000.0,,28684000000.0,2979000000.0,28684000000.0,31700000000.0,13501000000.0,8951000000.0,43243000000.0,56770000000.0,58437000000.0,1788000000.0,2531000000.0,7750000000.0,14593000000.0,6843000000.0,4216000000.0,2298000000.0,2512000000.0,2798000000.0,5452000000.0,15000000.0,-240000000.0,15000000.0,240000000.0,-86000000.0,-438000000.0,474000000.0,938000000.0,4482000000.0,538000000.0,240000000.0,3944000000.0,3986000000.0,4722000000.0,6177000000.0,3944000000.0,4302000000.0,334000000.0,,,,938000000.0,1129000000.0,,,3949000000.0,-1077000000.0,-1777000000.0,0.0,0.0,0.0,,1770000000.0,1770000000.0,,,0.0,,97000000.0,,1448000000.0,
2022-09-30,107081000000.0,33561000000.0,11145000000.0,11248000000.0,5614000000.0,9482000000.0,67232000000.0,20424000000.0,17921000000.0,42528000000.0,21368000000.0,21160000000.0,2568000000.0,1639000000.0,103000000.0,7217000000.0,,62623000000.0,22998000000.0,3371000000.0,,1936000000.0,1936000000.0,39559000000.0,,28482000000.0,1936000000.0,28482000000.0,30400000000.0,14222000000.0,8660000000.0,44458000000.0,56758000000.0,59928000000.0,1788000000.0,2533000000.0,8471000000.0,14959000000.0,6488000000.0,3934000000.0,1458000000.0,2520000000.0,4399000000.0,7013000000.0,40000000.0,-244000000.0,350000000.0,244000000.0,-96000000.0,-429000000.0,499000000.0,959000000.0,3578000000.0,330000000.0,244000000.0,3248000000.0,2832000000.0,3822000000.0,5347000000.0,3248000000.0,5602000000.0,314000000.0,,,,959000000.0,1126000000.0,,-161000000.0,3253000000.0,-962000000.0,-2702000000.0,0.0,0.0,0.0,,1747000000.0,1747000000.0,,,0.0,,10000000.0,,1938000000.0,
2022-12-31,109160000000.0,35722000000.0,12694000000.0,13192000000.0,5911000000.0,9450000000.0,68792000000.0,21422000000.0,17985000000.0,41473000000.0,20269000000.0,21204000000.0,2017000000.0,1613000000.0,498000000.0,7169000000.0,9528000000.0,63169000000.0,24239000000.0,4264000000.0,,1946000000.0,246000000.0,39876000000.0,,30454000000.0,1700000000.0,28745000000.0,30700000000.0,14159000000.0,8323000000.0,45991000000.0,56489000000.0,61081000000.0,1788000000.0,2535000000.0,4345000000.0,13830000000.0,9485000000.0,3881000000.0,-5105000000.0,2687000000.0,3775000000.0,9450000000.0,95000000.0,-235000000.0,80000000.0,235000000.0,-1017000000.0,75000000.0,430000000.0,892000000.0,3512000000.0,495000000.0,235000000.0,3017000000.0,2992000000.0,3747000000.0,4764000000.0,3017000000.0,38223000000.0,3262000000.0,,,,892000000.0,1149000000.0,-644000000.0,-161000000.0,19462000000.0,-1748000000.0,-1554000000.0,0.0,0.0,0.0,,1750000000.0,1750000000.0,,,0.0,,265000000.0,,1128000000.0,
2023-03-31,107796000000.0,33402000000.0,9707000000.0,10387000000.0,5863000000.0,10415000000.0,68123000000.0,21758000000.0,18256000000.0,41066000000.0,19857000000.0,21209000000.0,2309000000.0,2015000000.0,680000000.0,5544000000.0,,60962000000.0,23131000000.0,3680000000.0,,2672000000.0,2672000000.0,37760000000.0,,28074000000.0,2672000000.0,28074000000.0,30700000000.0,13000000000.0,8244000000.0,46834000000.0,56577000000.0,62039000000.0,1788000000.0,2538000000.0,8130000000.0,14487000000.0,6357000000.0,3926000000.0,1308000000.0,2479000000.0,4276000000.0,6822000000.0,112000000.0,-242000000.0,429000000.0,242000000.0,-61000000.0,-89000000.0,448000000.0,991000000.0,3646000000.0,825000000.0,242000000.0,2821000000.0,2706000000.0,3888000000.0,4561000000.0,2821000000.0,1339000000.0,74000000.0,,,,991000000.0,1007000000.0,,,2825000000.0,-2359000000.0,-2054000000.0,0.0,149000000.0,149000000.0,,1853000000.0,1853000000.0,,,0.0,,-119000000.0,,-3074000000.0,
2023-06-30,104469000000.0,29977000000.0,5660000000.0,6378000000.0,5930000000.0,11030000000.0,68147000000.0,22231000000.0,18432000000.0,40860000000.0,19665000000.0,21195000000.0,2500000000.0,1836000000.0,718000000.0,5338000000.0,,65776000000.0,23394000000.0,3442000000.0,,2839000000.0,2839000000.0,42333000000.0,,34072000000.0,2839000000.0,34072000000.0,36900000000.0,13747000000.0,7265000000.0,38693000000.0,56612000000.0,54198000000.0,1788000000.0,2539000000.0,8269000000.0,15035000000.0,6766000000.0,4024000000.0,-7905000000.0,2702000000.0,13321000000.0,16174000000.0,109000000.0,-277000000.0,194000000.0,277000000.0,-62000000.0,-172000000.0,426000000.0,903000000.0,-5338000000.0,637000000.0,277000000.0,-5975000000.0,-5992000000.0,-5061000000.0,-3767000000.0,-5975000000.0,3704000000.0,84000000.0,,,,903000000.0,965000000.0,,,-5972000000.0,-11443000000.0,3758000000.0,0.0,338000000.0,338000000.0,,1885000000.0,1885000000.0,,,0.0,,-256000000.0,,-3981000000.0,
2023-09-30,106727000000.0,31954000000.0,8605000000.0,10519000000.0,6131000000.0,10394000000.0,77924000000.0,22526000000.0,18446000000.0,40382000000.0,19199000000.0,21183000000.0,2322000000.0,1306000000.0,1914000000.0,6656000000.0,10559000000.0,65481000000.0,23094000000.0,3509000000.0,,887000000.0,887000000.0,42333000000.0,,33972000000.0,887000000.0,33972000000.0,34900000000.0,14840000000.0,7343000000.0,41246000000.0,57066000000.0,57082000000.0,1788000000.0,2537000000.0,9191000000.0,15962000000.0,6771000000.0,4264000000.0,3239000000.0,2519000000.0,3307000000.0,5952000000.0,73000000.0,-317000000.0,17000000.0,317000000.0,-85000000.0,-126000000.0,452000000.0,1014000000.0,5615000000.0,870000000.0,317000000.0,4750000000.0,4729000000.0,5932000000.0,7195000000.0,4745000000.0,7717000000.0,814000000.0,,,,1014000000.0,902000000.0,,,4750000000.0,-334000000.0,-4269000000.0,0.0,466000000.0,466000000.0,,1855000000.0,1855000000.0,,,-7000000.0,,-459000000.0,,,
2023-12-31,106675000000.0,32168000000.0,6841000000.0,7857000000.0,6358000000.0,10349000000.0,79292000000.0,23051000000.0,18266000000.0,39208000000.0,18011000000.0,21197000000.0,1183000000.0,252000000.0,1016000000.0,8368000000.0,11996000000.0,69094000000.0,25694000000.0,3922000000.0,,1372000000.0,72000000.0,44274000000.0,,35028000000.0,1300000000.0,33683000000.0,35100000000.0,15766000000.0,8792000000.0,37581000000.0,57450000000.0,53895000000.0,1788000000.0,2534000000.0,5014000000.0,14630000000.0,9616000000.0,3912000000.0,-10451000000.0,2804000000.0,9627000000.0,15465000000.0,70000000.0,-310000000.0,70000000.0,310000000.0,-162000000.0,-78000000.0,474000000.0,978000000.0,-2046000000.0,-820000000.0,310000000.0,-1238000000.0,-1471000000.0,-1736000000.0,679000000.0,-1226000000.0,246000000.0,4813000000.0,,,,936000000.0,989000000.0,,,-1226000000.0,53000000.0,-2245000000.0,0.0,393000000.0,393000000.0,,1852000000.0,1852000000.0,,,0.0,,-387000000.0,,,
2024-03-31,105849000000.0,31445000000.0,5579000000.0,6527000000.0,6510000000.0,11366000000.0,77817000000.0,23045000000.0,18620000000.0,38753000000.0,17572000000.0,21181000000.0,794000000.0,280000000.0,948000000.0,7950000000.0,12326000000.0,65485000000.0,25099000000.0,3514000000.0,,3077000000.0,,40326000000.0,,31142000000.0,3077000000.0,31142000000.0,34200000000.0,14102000000.0,8262000000.0,40364000000.0,57445000000.0,56697000000.0,1788000000.0,2533000000.0,9789000000.0,15775000000.0,5986000000.0,3540000000.0,3191000000.0,2483000000.0,3992000000.0,6598000000.0,73000000.0,-303000000.0,73000000.0,303000000.0,-83000000.0,33000000.0,511000000.0,984000000.0,5665000000.0,903000000.0,303000000.0,4767000000.0,4649000000.0,5968000000.0,6744000000.0,4762000000.0,3090000000.0,316000000.0,,,,984000000.0,861000000.0,,-816000000.0,4767000000.0,-1376000000.0,-2814000000.0,0.0,122000000.0,122000000.0,,1950000000.0,1950000000.0,,,0.0,,-35000000.0,,,
2024-06-30,112630000000.0,38205000000.0,11304000000.0,12380000000.0,6469000000.0,11642000000.0,77881000000.0,23221000000.0,18960000000.0,38145000000.0,16984000000.0,21161000000.0,1025000000.0,357000000.0,1076000000.0,8740000000.0,12702000000.0,69048000000.0,26060000000.0,3519000000.0,,3071000000.0,3071000000.0,42922000000.0,,34717000000.0,3071000000.0,34717000000.0,37800000000.0,14712000000.0,7329000000.0,43582000000.0,57394000000.0,60187000000.0,1788000000.0,2534000000.0,9707000000.0,16112000000.0,6405000000.0,3745000000.0,3388000000.0,2739000000.0,3500000000.0,6319000000.0,69000000.0,-241000000.0,69000000.0,310000000.0,-60000000.0,-42000000.0,518000000.0,1132000000.0,6000000000.0,545000000.0,310000000.0,5461000000.0,5368000000.0,3388000000.0,7448000000.0,5455000000.0,5637000000.0,470000000.0,,,,1132000000.0,791000000.0,,,5461000000.0,-1069000000.0,1216000000.0,,251000000.0,251000000.0,,1986000000.0,1986000000.0,,,0.0,,-178000000.0,,,
2024-09-30,117532000000.0,40361000000.0,14593000000.0,15577000000.0,6244000000.0,11381000000.0,81166000000.0,23446000000.0,19072000000.0,38707000000.0,17010000000.0,21697000000.0,996000000.0,575000000.0,984000000.0,8143000000.0,14443000000.0,73030000000.0,29586000000.0,3586000000.0,,3149000000.0,3149000000.0,43386000000.0,,34982000000.0,3149000000.0,34982000000.0,38100000000.0,16539000000.0,7540000000.0,44502000000.0,57829000000.0,61384000000.0,1788000000.0,2534000000.0,9947000000.0,16657000000.0,6710000000.0,4080000000.0,1298000000.0,2731000000.0,5862000000.0,8649000000.0,127000000.0,-203000000.0,127000000.0,330000000.0,-33000000.0,162000000.0,553000000.0,1186000000.0,4086000000.0,929000000.0,330000000.0,3161000000.0,3147000000.0,1298000000.0,5606000000.0,3157000000.0,9291000000.0,335000000.0,,,,1186000000.0,783000000.0,,,3161000000.0,-3845000000.0,-2425000000.0,,444000000.0,444000000.0,,1953000000.0,1953000000.0,,,0.0,,-439000000.0,,,
2024-12-31,117106000000.0,38782000000.0,13242000000.0,14609000000.0,6109000000.0,10278000000.0,83887000000.0,23779000000.0,19155000000.0,38038000000.0,16370000000.0,21668000000.0,2175000000.0,463000000.0,1367000000.0,8706000000.0,16044000000.0,70793000000.0,28420000000.0,4079000000.0,,2649000000.0,149000000.0,43191000000.0,,36951000000.0,2500000000.0,34462000000.0,37100000000.0,15694000000.0,6465000000.0,46313000000.0,58303000000.0,63069000000.0,1788000000.0,2526000000.0,6599000000.0,15624000000.0,9025000000.0,3828000000.0,-3339000000.0,2864000000.0,4584000000.0,9938000000.0,146000000.0,-182000000.0,146000000.0,943000000.0,-50000000.0,-127000000.0,522000000.0,872665623.0,4169000000.0,426000000.0,328000000.0,3744000000.0,4169000000.0,-3339000000.0,6928665623.0,3743000000.0,3450000000.0,4909000000.0,,,,1197000000.0,937000000.0,,,3744000000.0,-1444000000.0,-3009000000.0,,489000000.0,489000000.0,,1951000000.0,1951000000.0,,,0.0,,-477000000.0,,,
