fiscal_date_ending,total_assets,total_current_assets,cash_and_cash_equivalents,cash_and_short_term_investments,inventory,current_net_receivables,total_non_current_assets,property_plant_equipment,accumulated_depreciation_amortization_ppe,intangible_assets,intangible_assets_excluding_goodwill,goodwill,investments,long_term_investments,short_term_investments,other_current_assets,other_non_current_assets,total_liabilities,total_current_liabilities,current_accounts_payable,deferred_revenue,current_debt,short_term_debt,total_non_current_liabilities,capital_lease_obligations,long_term_debt,current_long_term_debt,long_term_debt_non_current,short_long_term_debt_total,other_current_liabilities,other_non_current_liabilities,total_shareholder_equity,treasury_stock,retained_earnings,common_stock,common_stock_shares_outstanding,gross_profit,total_revenue,cost_of_revenue,cost_of_goods_and_services_sold,operating_income,selling_general_and_administrative,research_and_development,operating_expenses,investment_income_net,net_interest_income,interest_income,interest_expense,non_interest_income,other_non_operating_income,depreciation,depreciation_and_amortization,income_before_tax,income_tax_expense,interest_and_debt_expense,net_income_from_continuing_operations,comprehensive_income_net_of_tax,ebit,ebitda,net_income,operating_cashflow,payments_for_operating_activities,proceeds_from_operating_activities,change_in_operating_liabilities,change_in_operating_assets,depreciation_depletion_and_amortization,capital_expenditures,change_in_receivables,change_in_inventory,profit_loss,cashflow_from_investment,cashflow_from_financing,proceeds_from_repayments_of_short_term_debt,payments_for_repurchase_of_common_stock,payments_for_repurchase_of_equity,payments_for_repurchase_of_preferred_stock,dividend_payout,dividend_payout_common_stock,dividend_payout_preferred_stock,proceeds_from_issuance_of_common_stock,proceeds_from_issuance_of_long_term_debt_and_capital_securities_net,proceeds_from_issuance_of_preferred_stock,proceeds_from_repurchase_of_equity,proceeds_from_sale_of_treasury_stock,change_in_cash_and_cash_equivalents,change_in_exchange_rate
2009-07-26,3298409000.0,2167905000.0,523785000.0,523785000.0,279216000.0,,1130504000.0,582914000.0,,505522000.0,135678000.0,369844000.0,,,942320000.0,70624000.0,,1051000000.0,891321000.0,275978000.0,,,,159679000.0,,25060000.0,,,25060000.0,615343000.0,134619000.0,2247409000.0,1463268000.0,1657529000.0,638000.0,546639000.0,156723000.0,776520000.0,619797000.0,619797000.0,-110107000.0,73975000.0,192855000.0,266830000.0,,,,5779000.0,,-2773000.0,,49322000.0,-107101000.0,-1799000.0,,,-101563000.0,-110107000.0,-60785000.0,-105302000.0,,,,,,,,,,,,,,,,,,,,,,,,,,
2009-10-25,3463574000.0,2357716000.0,614490000.0,1634079000.0,277643000.0,,1105858000.0,565296000.0,,497661000.0,127817000.0,369844000.0,,,1019589000.0,1634079000.0,,1039939000.0,888806000.0,321530000.0,,,354034000.0,151133000.0,24760000.0,24760000.0,,,378794000.0,198133000.0,126373000.0,2423635000.0,1463268000.0,1765106000.0,646000.0,551283000.0,391783000.0,903206000.0,511423000.0,511423000.0,107845000.0,85990000.0,197948000.0,283938000.0,5444000.0,,,5444000.0,,-3082000.0,,48770000.0,110207000.0,2630000.0,,107577000.0,108552000.0,107845000.0,156615000.0,107577000.0,141317000.0,,,,,48770000.0,16593000.0,,1165000.0,107577000.0,-95497000.0,44885000.0,,,,,,,,,,,45100000.0,,90705000.0,
2010-01-31,3585918000.0,2480830000.0,447221000.0,1728227000.0,330674000.0,,1105088000.0,571858000.0,516625000.0,490302000.0,120458000.0,369844000.0,,,1281006000.0,46966000.0,10255000.0,920778000.0,784378000.0,344527000.0,,,390277000.0,136400000.0,24450000.0,24450000.0,,,414727000.0,29950000.0,111950000.0,2665140000.0,1463268000.0,1896182000.0,653000.0,561465851.0,438721000.0,982488000.0,543767000.0,543767000.0,134282000.0,88188000.0,216251000.0,304439000.0,5768000.0,,,3320000.0,,2691000.0,,47914000.0,139421000.0,8345000.0,,438721000.0,131076000.0,134282000.0,182196000.0,131076000.0,69245000.0,,,22778000.0,-30065000.0,47914000.0,22575000.0,23008000.0,-462385000.0,438721000.0,-283774000.0,47260000.0,,,,,77972000.0,77972000.0,,45837000.0,,,45837000.0,,-167269000.0,
2010-05-02,3803030000.0,2726980000.0,447262000.0,447262000.0,388139000.0,,1076050000.0,548916000.0,,485267000.0,115423000.0,369844000.0,,,1317634000.0,1764896000.0,,942385000.0,765293000.0,362740000.0,,,,177092000.0,24098000.0,24098000.0,,,24098000.0,402553000.0,152994000.0,2860645000.0,1473655000.0,2033776000.0,663000.0,567183000.0,456377000.0,1001813000.0,545436000.0,545436000.0,147393000.0,90879000.0,218105000.0,308984000.0,5571000.0,,,5571000.0,,-2239000.0,,47147000.0,150725000.0,13131000.0,,456377000.0,136296000.0,147393000.0,194540000.0,137594000.0,-5397000.0,,,16822000.0,-211827000.0,47147000.0,17080000.0,-155011000.0,-56816000.0,456377000.0,-57342000.0,62780000.0,,,,,,,,,,,63100000.0,,41000.0,
2010-08-01,3731268000.0,2655962000.0,377003000.0,377003000.0,434227000.0,,1075306000.0,542216000.0,,488723000.0,118879000.0,369844000.0,,,1395497000.0,1772500000.0,,970754000.0,819139000.0,280041000.0,,,,151615000.0,23734000.0,23734000.0,,,23734000.0,539098000.0,127881000.0,2760514000.0,1473656000.0,1892815000.0,665000.0,572764000.0,134292000.0,811208000.0,676916000.0,676916000.0,-175207000.0,98864000.0,210635000.0,309499000.0,4805000.0,,,4805000.0,,1355000.0,,46573000.0,-169047000.0,-28086000.0,,-387800000.0,-140599000.0,-175207000.0,-128634000.0,-140961000.0,34344000.0,,,-84308000.0,87856000.0,46573000.0,37644000.0,133818000.0,-45962000.0,-387800000.0,-119101000.0,14498000.0,,,,,,,,,,,14800000.0,,-70259000.0,
2010-10-31,3915579000.0,2807702000.0,451174000.0,1987220000.0,377812000.0,,1107877000.0,585672000.0,,482486000.0,112642000.0,369844000.0,,,1536046000.0,1987220000.0,,1017699000.0,816489000.0,324770000.0,,,,201210000.0,23359000.0,23359000.0,,,23359000.0,491719000.0,177851000.0,2897880000.0,1479392000.0,1977677000.0,671000.0,577323000.0,392062000.0,843912000.0,451850000.0,451850000.0,103783000.0,83752000.0,204527000.0,288279000.0,4220000.0,,,4220000.0,,-4418000.0,,46786000.0,103585000.0,18723000.0,,84862000.0,86295000.0,103783000.0,150569000.0,84862000.0,212177000.0,,,45618000.0,52658000.0,46876000.0,21823000.0,-3374000.0,56032000.0,84862000.0,-163984000.0,25978000.0,,,,,,,,26279000.0,,,26279000.0,,74171000.0,
2011-01-30,4495246000.0,3226950000.0,665361000.0,2490563000.0,345525000.0,,1268296000.0,568857000.0,625082000.0,658589000.0,288745000.0,369844000.0,,,1825202000.0,42092000.0,40850000.0,1313784000.0,942682000.0,286138000.0,408596000.0,,336380000.0,371102000.0,23389000.0,23389000.0,,,359769000.0,71300000.0,347713000.0,3181462000.0,1479392000.0,2149328000.0,677000.0,588555701.0,426359000.0,886376000.0,460017000.0,460017000.0,179778000.0,88018000.0,215563000.0,246581000.0,4461000.0,,,3127000.0,,4794000.0,,46393000.0,185906000.0,14255000.0,,426359000.0,169254000.0,179778000.0,226171000.0,171651000.0,434673000.0,,,-47918000.0,83526000.0,46393000.0,21343000.0,50908000.0,60874000.0,426359000.0,-309251000.0,88765000.0,,,,,,,,,,,73200000.0,,214187000.0,
2011-05-01,4736744000.0,3496763000.0,683633000.0,683633000.0,380964000.0,,1239981000.0,553366000.0,,648605000.0,278761000.0,369844000.0,,,2042908000.0,2726541000.0,,1288936000.0,981166000.0,346295000.0,,,,307770000.0,22957000.0,22957000.0,,,22957000.0,634871000.0,284813000.0,3447808000.0,1487079000.0,2284547000.0,688000.0,594802000.0,484503000.0,962039000.0,477536000.0,477536000.0,154862000.0,98117000.0,231524000.0,329641000.0,5313000.0,,,5313000.0,,-3690000.0,,47764000.0,156485000.0,21266000.0,,483203000.0,136068000.0,154862000.0,202626000.0,135219000.0,172200000.0,761000.0,,53740000.0,-30101000.0,47764000.0,31195000.0,5820000.0,-35183000.0,483203000.0,-252506000.0,98578000.0,,,,,,,,,,,85300000.0,,18272000.0,
2011-07-31,4864424000.0,3317557000.0,532614000.0,2474496000.0,361911000.0,,1596057000.0,550896000.0,,951649000.0,358136000.0,593513000.0,,,1941882000.0,2474496000.0,,1174955000.0,960299000.0,297813000.0,,,,263846000.0,22493000.0,22493000.0,,,22493000.0,662486000.0,192163000.0,3689469000.0,1487093000.0,2436120000.0,691000.0,601340000.0,525284000.0,1016517000.0,491233000.0,5000000.0,174030000.0,103533000.0,247721000.0,351254000.0,5266000.0,,,5266000.0,,-1749000.0,,52160000.0,177547000.0,25974000.0,,151573000.0,154886000.0,174030000.0,226190000.0,151573000.0,82021000.0,749000.0,,-62106000.0,-29579000.0,5000000.0,23323000.0,-63331000.0,33014000.0,151573000.0,-273218000.0,40178000.0,,,,,,,,39499000.0,,,39499000.0,,-151019000.0,
2011-10-30,5089043000.0,3500071000.0,566816000.0,2748354000.0,319602000.0,,1588972000.0,551757000.0,,990892000.0,342839000.0,648053000.0,,,2181538000.0,2748354000.0,,1115593000.0,886684000.0,307943000.0,238139000.0,,,228909000.0,21949000.0,21949000.0,,,21949000.0,578741000.0,206960000.0,3973450000.0,1496904000.0,2614393000.0,698000.0,607063000.0,556717000.0,1066180000.0,509463000.0,509463000.0,197090000.0,103129000.0,256498000.0,359627000.0,4356000.0,,,4356000.0,,3341000.0,,52387000.0,204787000.0,26514000.0,,178273000.0,172836000.0,197090000.0,249477000.0,178273000.0,244417000.0,744000.0,,17584000.0,90594000.0,5000000.0,39035000.0,48677000.0,41917000.0,178273000.0,-289145000.0,78930000.0,,,,,,,,,,,51700000.0,,34202000.0,
2012-01-29,5552928000.0,3905358000.0,667876000.0,3129576000.0,340297000.0,,1647570000.0,560072000.0,596456000.0,967166000.0,326136000.0,641030000.0,,,2461700000.0,120332000.0,120332000.0,1407204000.0,929958000.0,335072000.0,471019000.0,,288798000.0,477246000.0,21439000.0,21439000.0,,,310237000.0,35439000.0,455807000.0,4145724000.0,1496904000.0,2730418000.0,700000.0,612191412.0,490013000.0,953194000.0,463181000.0,463181000.0,122317000.0,100834000.0,266862000.0,367696000.0,4213000.0,,,1124000.0,,1136000.0,,51895000.0,124577000.0,8552000.0,,477613000.0,117641000.0,122317000.0,174212000.0,116025000.0,410518000.0,754000.0,,26490000.0,-76034000.0,150000000.0,45182000.0,-17402000.0,-58632000.0,477613000.0,-328495000.0,19037000.0,,,,,,,,,,,19400000.0,,101060000.0,
2012-04-29,5708167000.0,4032116000.0,369135000.0,3130812000.0,342707000.0,,1676051000.0,553541000.0,,1004425000.0,363395000.0,641030000.0,,,2761677000.0,118085000.0,,1420739000.0,947404000.0,395578000.0,406705000.0,,251780000.0,473335000.0,20830000.0,20830000.0,,,272610000.0,27679000.0,452505000.0,4287428000.0,1509088000.0,2790855000.0,707000.0,615780000.0,463364000.0,924877000.0,461513000.0,461513000.0,72826000.0,106636000.0,283902000.0,390538000.0,5198000.0,,,5198000.0,,-929000.0,,54491000.0,77095000.0,16658000.0,,60437000.0,60270000.0,72826000.0,127317000.0,60437000.0,-9208000.0,744000.0,,33516000.0,-127542000.0,16600000.0,28923000.0,-75369000.0,-2191000.0,60437000.0,-335054000.0,45521000.0,,0.0,0.0,,0.0,,,,,,37400000.0,,-298741000.0,
2012-07-29,5891881000.0,4213851000.0,499618000.0,3278100000.0,387185000.0,,1678030000.0,574056000.0,,987968000.0,346938000.0,641030000.0,,,2778482000.0,116006000.0,,1438216000.0,1021960000.0,417250000.0,341354000.0,,300726000.0,416256000.0,20237000.0,20237000.0,,,320963000.0,30802000.0,396019000.0,4453665000.0,1509087000.0,2909901000.0,713000.0,618996000.0,540719000.0,1044270000.0,503551000.0,503551000.0,139623000.0,119903000.0,281193000.0,401096000.0,5316000.0,,,5316000.0,,269000.0,,56195000.0,145208000.0,26162000.0,,119046000.0,119758000.0,139623000.0,195818000.0,119046000.0,200886000.0,730000.0,,32130000.0,-31928000.0,17200000.0,61944000.0,-33849000.0,-44643000.0,119046000.0,-84703000.0,14300000.0,,0.0,0.0,,0.0,,,,,,5300000.0,,130483000.0,
2012-10-28,6075144000.0,4424827000.0,525388000.0,3434772000.0,428983000.0,,1650317000.0,566540000.0,,972278000.0,331248000.0,641030000.0,,,2909384000.0,111499000.0,,1352298000.0,991359000.0,390265000.0,271193000.0,,295026000.0,360939000.0,19627000.0,19627000.0,,,314653000.0,37065000.0,341312000.0,4722846000.0,1522709000.0,3118981000.0,719000.0,622352000.0,636658000.0,1204110000.0,567452000.0,567452000.0,252217000.0,100261000.0,284180000.0,384441000.0,4701000.0,,,4701000.0,,-3290000.0,,57148000.0,253628000.0,44548000.0,,209080000.0,208780000.0,252217000.0,309365000.0,209080000.0,181485000.0,715000.0,-2707000.0,-16547000.0,-49918000.0,17300000.0,44684000.0,210000.0,-41544000.0,209080000.0,-182799000.0,27084000.0,,0.0,0.0,,0.0,,,,,,20100000.0,,25770000.0,
2013-01-27,6412245000.0,4775258000.0,733000000.0,3727883000.0,412467000.0,,1636987000.0,576144000.0,712638000.0,953362000.0,312332000.0,641030000.0,,,2995097000.0,107481000.0,107481000.0,1585245000.0,976223000.0,356428000.0,509757000.0,,311030000.0,608319000.0,18998000.0,0.0,,,330028000.0,35160000.0,589321000.0,4827000000.0,1622709000.0,3246088000.0,720000.0,616756134.0,585602000.0,1106902000.0,521300000.0,521300000.0,183573000.0,104022000.0,298007000.0,402029000.0,4693000.0,,,1399000.0,,1136000.0,,58401000.0,186108000.0,12135000.0,,585602000.0,173094000.0,183573000.0,241974000.0,173973000.0,451009000.0,583000.0,24463000.0,-38214000.0,407277000.0,126900000.0,47758000.0,227948000.0,167327000.0,585602000.0,-141436000.0,-102175000.0,,100000000.0,100000000.0,,46866000.0,46866000.0,,,,,-100000000.0,,207398000.0,
2013-04-28,6279527000.0,4606616000.0,561423000.0,3713351000.0,377597000.0,,1672911000.0,588023000.0,,977763000.0,336733000.0,641030000.0,,,3151928000.0,107125000.0,,1454591000.0,925577000.0,328259000.0,439637000.0,,293412000.0,529766000.0,18333000.0,18333000.0,,,311745000.0,34337000.0,510681000.0,4824936000.0,1737025000.0,3277713000.0,725000.0,616872000.0,518568000.0,954739000.0,436171000.0,436171000.0,82781000.0,108626000.0,327161000.0,435787000.0,5076000.0,-853000.0,,853000.0,,1058000.0,,59744000.0,88062000.0,10171000.0,853000.0,77891000.0,78203000.0,88915000.0,148659000.0,77891000.0,175650000.0,10775000.0,,-53101000.0,159159000.0,17400000.0,65667000.0,108476000.0,-41510000.0,77891000.0,-230786000.0,-116227000.0,,100000000.0,100000000.0,,46267000.0,46267000.0,,,,,-100000000.0,,-171363000.0,
2013-07-28,5569592000.0,3922608000.0,591321000.0,2935893000.0,378280000.0,,1646984000.0,578948000.0,,963550000.0,322520000.0,641030000.0,,,2344572000.0,104486000.0,,1397419000.0,935791000.0,310271000.0,371263000.0,,317953000.0,461628000.0,17685000.0,17685000.0,,,335638000.0,40315000.0,443943000.0,4172173000.0,2269766000.0,3330815000.0,726000.0,585345000.0,545538000.0,977238000.0,431700000.0,431700000.0,105534000.0,108266000.0,331738000.0,440004000.0,3865000.0,-836000.0,,836000.0,,3257000.0,,61840000.0,111820000.0,15372000.0,836000.0,96448000.0,92052000.0,112656000.0,174496000.0,96448000.0,96469000.0,7879000.0,,16649000.0,-87677000.0,18600000.0,84986000.0,-71205000.0,6788000.0,96448000.0,711818000.0,-778389000.0,,750000000.0,750000000.0,,43343000.0,43343000.0,,,,,-750000000.0,,781800000.0,
2013-10-27,5711373000.0,4049841000.0,562084000.0,3032954000.0,380319000.0,,1661532000.0,595418000.0,,963768000.0,320589000.0,643179000.0,,,2470870000.0,102346000.0,,1390726000.0,985927000.0,333283000.0,320913000.0,,314562000.0,404799000.0,17015000.0,17015000.0,,,331577000.0,55424000.0,387784000.0,4320647000.0,2499990000.0,3406154000.0,732000.0,580870000.0,584415000.0,1053967000.0,469552000.0,469552000.0,140988000.0,103133000.0,340294000.0,443427000.0,4022000.0,-819000.0,,819000.0,,-2707000.0,,62726000.0,141484000.0,22750000.0,819000.0,118734000.0,118699000.0,142303000.0,205029000.0,118734000.0,162315000.0,7004000.0,,-1924000.0,-28600000.0,19600000.0,38159000.0,-29465000.0,2544000.0,118734000.0,-187373000.0,-4179000.0,,0.0,0.0,,43397000.0,43397000.0,,,,,33400000.0,,-29237000.0,
2014-01-26,7250894000.0,5624711000.0,1152000000.0,4671810000.0,387765000.0,,1626183000.0,582740000.0,700080000.0,939191000.0,296012000.0,643179000.0,,,3520223000.0,104252000.0,104252000.0,2795894000.0,945496000.0,324391000.0,445307000.0,,308110000.0,1849000000.0,17500000.0,1356375000.0,,,1681985000.0,30590000.0,475125000.0,4455000000.0,2537295000.0,3504742000.0,732000.0,567996734.0,619242000.0,1144218000.0,524976000.0,524976000.0,166697000.0,115975000.0,336807000.0,452782000.0,4156000.0,-7935000.0,-443000.0,7492000.0,,5392000.0,,54690000.0,168624000.0,21707000.0,7935000.0,619242000.0,146046000.0,176116000.0,230806000.0,146917000.0,400566000.0,2661000.0,,17994000.0,-96385000.0,185734000.0,66374000.0,-36658000.0,7178000.0,619242000.0,-1099659000.0,1288795000.0,,37000000.0,37304000.0,,47993000.0,48329000.0,,,,,-37304000.0,,589702000.0,
2014-04-27,6864663000.0,5273798000.0,509000000.0,4347817000.0,393280000.0,,1590865000.0,570802000.0,,920709000.0,277530000.0,643179000.0,,,3838652000.0,99354000.0,,2697678000.0,897945000.0,309008000.0,371837000.0,,287927000.0,1799733000.0,16683000.0,1363276000.0,,,1667886000.0,25299000.0,419774000.0,4166985000.0,2926789000.0,3594527000.0,743000.0,559092000.0,604000000.0,1103000000.0,499000000.0,498585000.0,151000000.0,119000000.0,334000000.0,453000000.0,5710000.0,-11471000.0,-471000.0,11000000.0,,17000000.0,,55000000.0,163000000.0,26000000.0,11471000.0,136516000.0,138000000.0,174000000.0,229000000.0,137000000.0,151000000.0,4677000.0,,-14880000.0,-21845000.0,26050000.0,29068000.0,-28077000.0,6000000.0,136516000.0,-330000000.0,-464000000.0,,500000000.0,500000000.0,,47000000.0,46731000.0,,80000000.0,1477500000.0,59100000.0,-500000000.0,,-643000000.0,
2014-07-27,6933719000.0,5377586000.0,515000000.0,4386054000.0,387434000.0,,1556133000.0,556911000.0,,903792000.0,260613000.0,643179000.0,,,3870962000.0,95430000.0,,2628933000.0,868729000.0,261627000.0,305767000.0,,303369000.0,1760204000.0,15842000.0,1370249000.0,,,1689460000.0,26700000.0,374113000.0,4304786000.0,3058149000.0,3675071000.0,744000.0,558223000.0,619000000.0,1103000000.0,484000000.0,483850000.0,163000000.0,119000000.0,337000000.0,456000000.0,6829000.0,-11526000.0,474000.0,12000000.0,,-3000000.0,,56000000.0,155000000.0,27000000.0,11526000.0,127976000.0,126000000.0,167000000.0,223000000.0,128000000.0,96000000.0,10789000.0,,-48768000.0,63546000.0,26322000.0,22527000.0,73824000.0,-7000000.0,127976000.0,-64000000.0,-26000000.0,,0.0,0.0,,47400000.0,47432000.0,,18000000.0,,,17800000.0,,6000000.0,
2014-10-26,6885869000.0,5341109000.0,395000000.0,4240797000.0,408081000.0,,1544760000.0,566601000.0,,884480000.0,241301000.0,643179000.0,,,3846114000.0,93679000.0,,2681276000.0,933907000.0,328097000.0,240829000.0,,315049000.0,1747369000.0,14977000.0,1377259000.0,,,1707285000.0,32126000.0,355133000.0,4204593000.0,3390985000.0,3801966000.0,752000.0,547789000.0,677000000.0,1225000000.0,548000000.0,548684000.0,213000000.0,123000000.0,340000000.0,463000000.0,7422000.0,-11542000.0,-542000.0,11000000.0,,0.0,,56000000.0,209000000.0,36000000.0,11542000.0,172967000.0,178000000.0,220000000.0,276000000.0,173000000.0,216000000.0,-3722000.0,,50119000.0,111879000.0,26359000.0,39741000.0,92982000.0,21000000.0,172967000.0,-15000000.0,-321000000.0,,310000000.0,310000000.0,,46100000.0,46072000.0,,31000000.0,,,-310000000.0,,-120000000.0,
2015-01-25,7201000000.0,5713000000.0,497000000.0,4623339000.0,483000000.0,,1488071000.0,557000000.0,622000000.0,840000000.0,222000000.0,618000000.0,,,4126685000.0,91000000.0,91000000.0,2783000000.0,896000000.0,293000000.0,400573000.0,,142073000.0,1887356000.0,14086000.0,1384000000.0,1398000000.0,,1540501000.0,167999000.0,489000000.0,4418000000.0,3395000000.0,3949000000.0,1000000.0,544913000.0,699000000.0,1251000000.0,552000000.0,550911000.0,231000000.0,119000000.0,349000000.0,468000000.0,8129000.0,-11594000.0,-594000.0,11000000.0,,0.0,,54000000.0,227000000.0,34000000.0,11594000.0,699603000.0,192000000.0,238000000.0,292000000.0,193000000.0,443000000.0,23920000.0,,-54439000.0,-13699000.0,169532000.0,31045000.0,-89405000.0,75000000.0,699603000.0,-318000000.0,-23000000.0,,4000000.0,3600000.0,,46000000.0,46217000.0,,,,0.0,-3600000.0,,102000000.0,
2015-04-26,7291000000.0,5832000000.0,464000000.0,4792000000.0,438000000.0,,1459000000.0,547000000.0,,823000000.0,205000000.0,618000000.0,,,4328000000.0,89000000.0,,2735000000.0,883000000.0,222000000.0,42000000.0,,136000000.0,1852000000.0,13000000.0,1391000000.0,,,1540000000.0,148000000.0,448000000.0,4556000000.0,3476000000.0,4037000000.0,1000000.0,549000000.0,653000000.0,1151000000.0,498000000.0,498000000.0,176000000.0,138000000.0,339000000.0,477000000.0,9000000.0,-12000000.0,,12000000.0,,-1000000.0,,54000000.0,172000000.0,38000000.0,12000000.0,134000000.0,135000000.0,184000000.0,238000000.0,134000000.0,246000000.0,6000000.0,,-9000000.0,-46000000.0,26000000.0,30000000.0,-18000000.0,-45000000.0,134000000.0,-235000000.0,-44000000.0,,53000000.0,53000000.0,,46000000.0,46000000.0,,50000000.0,,,-53000000.0,,-33000000.0,
2015-07-26,6979000000.0,5608000000.0,435000000.0,4505000000.0,441000000.0,,1371000000.0,497000000.0,,808000000.0,190000000.0,618000000.0,,,4070000000.0,66000000.0,,2794000000.0,936000000.0,277000000.0,1000000.0,,192000000.0,1858000000.0,12000000.0,1399000000.0,,,1603000000.0,146000000.0,447000000.0,4185000000.0,3765000000.0,4010000000.0,1000000.0,541000000.0,634000000.0,1153000000.0,519000000.0,519000000.0,76000000.0,149000000.0,320000000.0,558000000.0,9000000.0,-12000000.0,,12000000.0,,-1000000.0,,49000000.0,72000000.0,46000000.0,12000000.0,26000000.0,19000000.0,84000000.0,133000000.0,26000000.0,163000000.0,39000000.0,,56000000.0,58000000.0,26000000.0,24000000.0,59000000.0,3000000.0,26000000.0,247000000.0,-439000000.0,,400000000.0,400000000.0,,52000000.0,53000000.0,,14000000.0,,,-399000000.0,,-29000000.0,
2015-10-25,7174000000.0,5834000000.0,471000000.0,4728000000.0,425000000.0,,1340000000.0,477000000.0,,790000000.0,172000000.0,618000000.0,,,4257000000.0,73000000.0,,2709000000.0,855000000.0,295000000.0,1000000.0,,163000000.0,1854000000.0,11000000.0,1406000000.0,,,1580000000.0,168000000.0,437000000.0,4465000000.0,3912000000.0,4204000000.0,1000000.0,542000000.0,733000000.0,1305000000.0,572000000.0,571000000.0,245000000.0,152000000.0,329000000.0,489000000.0,9000000.0,-12000000.0,,12000000.0,,3000000.0,,48000000.0,246000000.0,-1000000.0,12000000.0,246000000.0,246000000.0,258000000.0,306000000.0,247000000.0,255000000.0,7000000.0,,-81000000.0,17000000.0,25000000.0,17000000.0,22000000.0,-17000000.0,246000000.0,-199000000.0,-20000000.0,,0.0,0.0,,53000000.0,53000000.0,,35000000.0,,,35000000.0,,36000000.0,
2016-01-31,7370000000.0,6053000000.0,596000000.0,5037000000.0,418000000.0,,1317000000.0,466000000.0,634000000.0,784000000.0,166000000.0,618000000.0,,,4441000000.0,67000000.0,67000000.0,2814000000.0,2351000000.0,296000000.0,366000000.0,,1500000000.0,463000000.0,10000000.0,0.0,1413000000.0,0.0,1510000000.0,320000000.0,453000000.0,4469000000.0,4048000000.0,4350000000.0,1000000.0,539000000.0,791000000.0,1401000000.0,610000000.0,610000000.0,252000000.0,161000000.0,344000000.0,539000000.0,11000000.0,-12000000.0,,12000000.0,,3000000.0,,46000000.0,253000000.0,46000000.0,12000000.0,791000000.0,202000000.0,265000000.0,311000000.0,207000000.0,511000000.0,39000000.0,,-74000000.0,-47000000.0,148000000.0,15000000.0,-31000000.0,-7000000.0,791000000.0,-213000000.0,-173000000.0,,135000000.0,135000000.0,,61000000.0,61000000.0,,0.0,0.0,0.0,-114000000.0,,125000000.0,
2016-05-01,7108000000.0,5790000000.0,547000000.0,547000000.0,394000000.0,,1318000000.0,479000000.0,,773000000.0,155000000.0,618000000.0,,,4207000000.0,66000000.0,,2833000000.0,2377000000.0,320000000.0,,,1500000000.0,456000000.0,9000000.0,9000000.0,1421000000.0,,1509000000.0,286000000.0,447000000.0,4196000000.0,4508000000.0,4484000000.0,1000000.0,537000000.0,751000000.0,1305000000.0,554000000.0,554000000.0,245000000.0,159000000.0,346000000.0,506000000.0,12000000.0,-12000000.0,,12000000.0,0.0,-4000000.0,,45000000.0,241000000.0,33000000.0,12000000.0,-33000000.0,213000000.0,253000000.0,298000000.0,208000000.0,319000000.0,16000000.0,,25000000.0,12000000.0,25000000.0,55000000.0,17000000.0,-23000000.0,-33000000.0,176000000.0,-544000000.0,,500000000.0,500000000.0,,62000000.0,62000000.0,,20000000.0,,,-500000000.0,,-49000000.0,
2016-07-31,7461000000.0,6156000000.0,426000000.0,4879000000.0,521000000.0,644000000.0,1241000000.0,485000000.0,,756000000.0,138000000.0,618000000.0,4510000000.0,,4453000000.0,64000000.0,,2909000000.0,2407000000.0,423000000.0,1000000.0,,1500000000.0,967000000.0,8000000.0,1356000000.0,1428000000.0,,1356000000.0,305000000.0,494000000.0,4480000000.0,4608000000.0,4675000000.0,1000000.0,534000000.0,826000000.0,1428000000.0,602000000.0,602000000.0,317000000.0,157000000.0,350000000.0,509000000.0,12000000.0,-12000000.0,,12000000.0,0.0,0.0,,47000000.0,317000000.0,56000000.0,12000000.0,253000000.0,263000000.0,329000000.0,376000000.0,261000000.0,201000000.0,0.0,,21000000.0,247000000.0,25000000.0,32000000.0,121000000.0,127000000.0,253000000.0,-269000000.0,-52000000.0,,9000000.0,9000000.0,,62000000.0,62000000.0,,20000000.0,0.0,0.0,31000000.0,,-121000000.0,
2016-10-30,9612000000.0,8307000000.0,1940000000.0,6671000000.0,679000000.0,833000000.0,1241000000.0,503000000.0,,738000000.0,120000000.0,618000000.0,5371000000.0,,4731000000.0,64000000.0,,4243000000.0,2041000000.0,523000000.0,2000000.0,,1056000000.0,404000000.0,7000000.0,1982000000.0,1011000000.0,,1982000000.0,337000000.0,213000000.0,5324000000.0,4783000000.0,5529000000.0,1000000.0,538000000.0,1183000000.0,2004000000.0,821000000.0,821000000.0,639000000.0,171000000.0,373000000.0,544000000.0,14000000.0,-16000000.0,,16000000.0,-15000000.0,-16000000.0,,48000000.0,621000000.0,79000000.0,31000000.0,542000000.0,534000000.0,637000000.0,685000000.0,542000000.0,432000000.0,0.0,,36000000.0,358000000.0,23000000.0,38000000.0,190000000.0,157000000.0,542000000.0,-327000000.0,1409000000.0,,0.0,0.0,,61000000.0,61000000.0,,,,,-29000000.0,,1514000000.0,
2017-01-29,9841000000.0,8536000000.0,1766000000.0,6798000000.0,794000000.0,826000000.0,1305000000.0,521000000.0,670000000.0,722000000.0,104000000.0,618000000.0,5468000000.0,,5032000000.0,62000000.0,62000000.0,4048000000.0,1788000000.0,485000000.0,89000000.0,,827000000.0,518000000.0,6000000.0,1983000000.0,796000000.0,,1983000000.0,422000000.0,277000000.0,5762000000.0,5039000000.0,6108000000.0,1000000.0,585000000.0,1303000000.0,2173000000.0,870000000.0,870000000.0,733000000.0,176000000.0,394000000.0,570000000.0,17000000.0,-19000000.0,,19000000.0,-1000000.0,-6000000.0,,47000000.0,726000000.0,71000000.0,25000000.0,1303000000.0,643000000.0,745000000.0,792000000.0,655000000.0,721000000.0,12000000.0,,88000000.0,97000000.0,137000000.0,51000000.0,-7000000.0,114000000.0,1303000000.0,-373000000.0,-522000000.0,,230000000.0,230000000.0,,76000000.0,76000000.0,,,0.0,,-210000000.0,,-174000000.0,
2017-04-30,9410000000.0,8116000000.0,1989000000.0,6206000000.0,821000000.0,976000000.0,1247000000.0,539000000.0,,708000000.0,90000000.0,618000000.0,4217000000.0,,4217000000.0,47000000.0,,3271000000.0,983000000.0,348000000.0,5000000.0,,222000000.0,572000000.0,4000000.0,1984000000.0,215000000.0,,1984000000.0,374000000.0,300000000.0,6132000000.0,5297000000.0,6506000000.0,1000000.0,592000000.0,1150000000.0,1937000000.0,787000000.0,787000000.0,554000000.0,185000000.0,411000000.0,596000000.0,16000000.0,-16000000.0,,16000000.0,-14000000.0,-18000000.0,,47000000.0,536000000.0,29000000.0,30000000.0,507000000.0,510000000.0,552000000.0,599000000.0,507000000.0,282000000.0,2000000.0,,-220000000.0,179000000.0,16000000.0,54000000.0,150000000.0,27000000.0,507000000.0,754000000.0,-813000000.0,,0.0,0.0,,82000000.0,82000000.0,,0.0,0.0,0.0,0.0,,223000000.0,
2017-07-30,9402000000.0,8070000000.0,1988000000.0,5877000000.0,855000000.0,1213000000.0,1272000000.0,578000000.0,,694000000.0,76000000.0,618000000.0,3889000000.0,,3889000000.0,60000000.0,,3427000000.0,1032000000.0,431000000.0,6000000.0,,86000000.0,798000000.0,3000000.0,1984000000.0,2076000000.0,,1984000000.0,443000000.0,408000000.0,5973000000.0,6070000000.0,7006000000.0,1000000.0,597000000.0,1302000000.0,2230000000.0,928000000.0,928000000.0,688000000.0,198000000.0,416000000.0,614000000.0,15000000.0,-15000000.0,,15000000.0,-3000000.0,-4000000.0,,49000000.0,684000000.0,101000000.0,18000000.0,583000000.0,586000000.0,699000000.0,748000000.0,583000000.0,705000000.0,0.0,,166000000.0,284000000.0,15000000.0,54000000.0,237000000.0,34000000.0,583000000.0,262000000.0,-968000000.0,,758000000.0,758000000.0,,84000000.0,84000000.0,,,,,0.0,,-1000000.0,
2017-10-29,9830000000.0,8479000000.0,2802000000.0,6320000000.0,857000000.0,1167000000.0,1281000000.0,600000000.0,,681000000.0,63000000.0,618000000.0,3518000000.0,,3518000000.0,70000000.0,,3477000000.0,1027000000.0,511000000.0,10000000.0,,24000000.0,908000000.0,1000000.0,1985000000.0,23000000.0,,1985000000.0,428000000.0,464000000.0,6352000000.0,6614000000.0,7760000000.0,1000000.0,603000000.0,1569000000.0,2636000000.0,1067000000.0,1067000000.0,895000000.0,212000000.0,462000000.0,674000000.0,17000000.0,-15000000.0,,15000000.0,-1000000.0,-1000000.0,,50000000.0,896000000.0,58000000.0,16000000.0,838000000.0,836000000.0,911000000.0,961000000.0,838000000.0,1157000000.0,0.0,,66000000.0,-34000000.0,13000000.0,69000000.0,-45000000.0,0.0,838000000.0,286000000.0,-629000000.0,,151000000.0,151000000.0,,84000000.0,84000000.0,,,,,-151000000.0,,814000000.0,
2018-01-28,11241000000.0,9255000000.0,4002000000.0,7108000000.0,796000000.0,1265000000.0,1986000000.0,997000000.0,740000000.0,670000000.0,52000000.0,618000000.0,3106000000.0,,3106000000.0,319000000.0,319000000.0,3770000000.0,1153000000.0,596000000.0,63000000.0,,15000000.0,1245000000.0,,1985000000.0,15000000.0,,1985000000.0,489000000.0,632000000.0,7471000000.0,6650000000.0,8787000000.0,1000000.0,606000000.0,1801000000.0,2911000000.0,1110000000.0,1110000000.0,1073000000.0,221000000.0,507000000.0,728000000.0,21000000.0,-15000000.0,,15000000.0,2911000000.0,0.0,,54000000.0,1078000000.0,-40000000.0,15000000.0,1801000000.0,1114000000.0,1093000000.0,1147000000.0,1118000000.0,1358000000.0,50000000.0,,559000000.0,-10000000.0,157000000.0,416000000.0,98000000.0,-61000000.0,1801000000.0,-24000000.0,-134000000.0,,0.0,0.0,,91000000.0,91000000.0,,,0.0,,0.0,,1200000000.0,
2018-04-29,11460000000.0,9448000000.0,765000000.0,7300000000.0,797000000.0,1220000000.0,1739000000.0,1066000000.0,,673000000.0,55000000.0,618000000.0,6535000000.0,,6535000000.0,273000000.0,,3743000000.0,1106000000.0,623000000.0,74000000.0,,14000000.0,1287000000.0,,1986000000.0,14000000.0,,1986000000.0,413000000.0,651000000.0,7717000000.0,7755000000.0,9948000000.0,1000000.0,606000000.0,2068000000.0,3207000000.0,1139000000.0,1139000000.0,1295000000.0,231000000.0,542000000.0,773000000.0,25000000.0,-15000000.0,,15000000.0,0.0,6000000.0,,57000000.0,1311000000.0,67000000.0,15000000.0,1244000000.0,1239000000.0,1326000000.0,1383000000.0,1244000000.0,1445000000.0,2000000.0,,-59000000.0,-16000000.0,11000000.0,118000000.0,-56000000.0,2000000.0,1244000000.0,-3551000000.0,-1131000000.0,,655000000.0,655000000.0,,91000000.0,91000000.0,,,,,-655000000.0,,-3237000000.0,
2018-07-29,12882000000.0,10831000000.0,718000000.0,7943000000.0,1090000000.0,1662000000.0,1831000000.0,1162000000.0,,669000000.0,51000000.0,618000000.0,7225000000.0,,7225000000.0,220000000.0,,4087000000.0,1462000000.0,800000000.0,27000000.0,,0.0,1241000000.0,,1987000000.0,14000000.0,,1987000000.0,571000000.0,638000000.0,8795000000.0,7821000000.0,10957000000.0,1000000.0,607000000.0,1975000000.0,3123000000.0,1148000000.0,1148000000.0,1157000000.0,237000000.0,581000000.0,818000000.0,32000000.0,-14000000.0,,14000000.0,3123000000.0,5000000.0,,58000000.0,1180000000.0,79000000.0,14000000.0,1101000000.0,1101000000.0,1194000000.0,1252000000.0,1101000000.0,913000000.0,,,327000000.0,741000000.0,6000000.0,129000000.0,442000000.0,293000000.0,1101000000.0,-805000000.0,-155000000.0,,0.0,0.0,,91000000.0,91000000.0,,,,,0.0,,-47000000.0,
2018-10-28,13657000000.0,11386000000.0,721000000.0,7591000000.0,1417000000.0,2219000000.0,1959000000.0,1292000000.0,,667000000.0,49000000.0,618000000.0,6870000000.0,,6870000000.0,312000000.0,,4182000000.0,1608000000.0,902000000.0,40000000.0,,0.0,1132000000.0,,1987000000.0,3000000.0,,1987000000.0,623000000.0,587000000.0,9475000000.0,8489000000.0,12096000000.0,1000000.0,609000000.0,1921000000.0,3181000000.0,1260000000.0,1260000000.0,1058000000.0,258000000.0,605000000.0,863000000.0,37000000.0,-15000000.0,,15000000.0,3181000000.0,1000000.0,,68000000.0,1081000000.0,-149000000.0,15000000.0,1230000000.0,1229000000.0,1096000000.0,1164000000.0,1230000000.0,487000000.0,,,103000000.0,906000000.0,7000000.0,150000000.0,557000000.0,325000000.0,1230000000.0,219000000.0,-703000000.0,,200000000.0,200000000.0,,91000000.0,91000000.0,,,,,-200000000.0,,3000000.0,
2019-01-27,13292000000.0,10557000000.0,782000000.0,7422000000.0,1575000000.0,1424000000.0,2735000000.0,1404000000.0,767000000.0,663000000.0,45000000.0,618000000.0,13964000000.0,,6640000000.0,108000000.0,108000000.0,3950000000.0,1329000000.0,511000000.0,138000000.0,,0.0,1233000000.0,,1988000000.0,,,1988000000.0,61000000.0,633000000.0,9342000000.0,9263000000.0,12565000000.0,1000000.0,606000000.0,1207000000.0,2205000000.0,998000000.0,998000000.0,294000000.0,266000000.0,647000000.0,913000000.0,42000000.0,-14000000.0,,14000000.0,2205000000.0,2000000.0,,78000000.0,325000000.0,-242000000.0,14000000.0,1207000000.0,578000000.0,339000000.0,417000000.0,567000000.0,898000000.0,,,-160000000.0,-651000000.0,238000000.0,203000000.0,-794000000.0,156000000.0,1207000000.0,40000000.0,-877000000.0,,724000000.0,724000000.0,,98000000.0,98000000.0,,,0.0,,-724000000.0,,61000000.0,
2019-04-28,14021000000.0,10629000000.0,2772000000.0,7802000000.0,1426000000.0,1242000000.0,2746000000.0,1473000000.0,,672000000.0,54000000.0,618000000.0,12721000000.0,,5030000000.0,110000000.0,,4317000000.0,1183000000.0,368000000.0,134000000.0,,0.0,1205000000.0,566000000.0,1988000000.0,80000000.0,,1988000000.0,650000000.0,660000000.0,9704000000.0,9474000000.0,12862000000.0,1000000.0,607000000.0,1296000000.0,2220000000.0,924000000.0,924000000.0,358000000.0,264000000.0,674000000.0,938000000.0,44000000.0,-13000000.0,44000000.0,13000000.0,2220000000.0,0.0,,91000000.0,389000000.0,-5000000.0,13000000.0,394000000.0,404000000.0,402000000.0,493000000.0,394000000.0,720000000.0,,,-252000000.0,-340000000.0,7000000.0,128000000.0,-182000000.0,-153000000.0,394000000.0,1495000000.0,-225000000.0,,0.0,0.0,,97000000.0,97000000.0,,,,,-211000000.0,,1990000000.0,
2019-07-28,14775000000.0,11391000000.0,7105000000.0,8475000000.0,1204000000.0,1561000000.0,2686000000.0,1484000000.0,,667000000.0,49000000.0,618000000.0,9742000000.0,,1370000000.0,110000000.0,,4439000000.0,1317000000.0,437000000.0,362000000.0,84000000.0,0.0,1733000000.0,567000000.0,1989000000.0,,,1989000000.0,669000000.0,650000000.0,10336000000.0,9524000000.0,13317000000.0,1000000.0,609000000.0,1541000000.0,2579000000.0,1038000000.0,1038000000.0,571000000.0,266000000.0,704000000.0,970000000.0,47000000.0,-13000000.0,47000000.0,13000000.0,2579000000.0,1000000.0,,92000000.0,606000000.0,54000000.0,13000000.0,552000000.0,553000000.0,619000000.0,711000000.0,552000000.0,936000000.0,26000000.0,,128000000.0,63000000.0,6000000.0,113000000.0,319000000.0,-225000000.0,552000000.0,3545000000.0,-148000000.0,,0.0,0.0,,97000000.0,98000000.0,,,,,-50000000.0,,653000000.0,
2019-10-27,15810000000.0,12420000000.0,9765000000.0,9769000000.0,1047000000.0,1455000000.0,2705000000.0,1517000000.0,,661000000.0,43000000.0,618000000.0,9661000000.0,,4000000.0,149000000.0,,4596000000.0,1475000000.0,591000000.0,352000000.0,89000000.0,0.0,1746000000.0,558000000.0,1990000000.0,,,1990000000.0,676000000.0,662000000.0,11214000000.0,9726000000.0,14118000000.0,1000000.0,610000000.0,1916000000.0,3014000000.0,1098000000.0,1098000000.0,927000000.0,277000000.0,712000000.0,989000000.0,45000000.0,-13000000.0,45000000.0,13000000.0,3014000000.0,0.0,,92000000.0,959000000.0,60000000.0,13000000.0,899000000.0,897000000.0,972000000.0,1064000000.0,899000000.0,1640000000.0,28000000.0,,112000000.0,-277000000.0,6000000.0,103000000.0,-105000000.0,-153000000.0,899000000.0,1256000000.0,-236000000.0,,0.0,0.0,,98000000.0,97000000.0,,,,,-202000000.0,,996000000.0,
2020-01-26,17315000000.0,13690000000.0,10896000000.0,10897000000.0,979000000.0,1657000000.0,3077000000.0,1674000000.0,1011000000.0,667000000.0,49000000.0,618000000.0,10782000000.0,,1000000.0,157000000.0,118000000.0,5111000000.0,1784000000.0,687000000.0,402000000.0,0.0,0.0,1975000000.0,652000000.0,1991000000.0,0.0,1991000000.0,1991000000.0,865000000.0,775000000.0,12204000000.0,9814000000.0,14971000000.0,1000000.0,612000000.0,2015000000.0,3105000000.0,1090000000.0,1090000000.0,990000000.0,287000000.0,738000000.0,1025000000.0,41000000.0,-13000000.0,41000000.0,13000000.0,3105000000.0,-2000000.0,,106000000.0,1015000000.0,65000000.0,13000000.0,2015000000.0,955000000.0,1028000000.0,1134000000.0,950000000.0,1465000000.0,79000000.0,,234000000.0,113000000.0,362000000.0,144000000.0,201000000.0,-66000000.0,2015000000.0,-151000000.0,-183000000.0,,0.0,0.0,,98000000.0,98000000.0,,,0.0,,-88000000.0,,2015000000.0,
2020-04-26,23254000000.0,19584000000.0,15494000000.0,16354000000.0,1128000000.0,1907000000.0,3551000000.0,1715000000.0,,708000000.0,80000000.0,628000000.0,17059000000.0,,860000000.0,195000000.0,,10155000000.0,1903000000.0,761000000.0,482000000.0,100000000.0,0.0,1950000000.0,619000000.0,6959000000.0,,,6959000000.0,868000000.0,774000000.0,13099000000.0,10036000000.0,15790000000.0,1000000.0,614000000.0,2004000000.0,3080000000.0,1076000000.0,1076000000.0,976000000.0,293000000.0,735000000.0,1028000000.0,31000000.0,-25000000.0,31000000.0,25000000.0,,-1000000.0,,107000000.0,981000000.0,64000000.0,25000000.0,917000000.0,906000000.0,1006000000.0,1113000000.0,917000000.0,909000000.0,31000000.0,,81000000.0,408000000.0,7000000.0,155000000.0,249000000.0,151000000.0,917000000.0,-1055000000.0,4744000000.0,,,,,98000000.0,98000000.0,,,,,-222000000.0,,4598000000.0,
2020-07-26,25180000000.0,14681000000.0,3274000000.0,10981000000.0,1401000000.0,2084000000.0,10342000000.0,1964000000.0,,7047000000.0,2854000000.0,4193000000.0,18464000000.0,,7707000000.0,215000000.0,,11266000000.0,2410000000.0,893000000.0,684000000.0,,0.0,3049000000.0,735000000.0,6960000000.0,,,6960000000.0,1171000000.0,1285000000.0,13914000000.0,10232000000.0,16313000000.0,1000000.0,616000000.0,2275000000.0,3866000000.0,1591000000.0,1591000000.0,651000000.0,627000000.0,997000000.0,1624000000.0,13000000.0,-54000000.0,13000000.0,54000000.0,,-1000000.0,,404000000.0,609000000.0,-13000000.0,54000000.0,622000000.0,636000000.0,663000000.0,1067000000.0,622000000.0,1567000000.0,66000000.0,,3000000.0,-140000000.0,284000000.0,217000000.0,-44000000.0,-54000000.0,622000000.0,-13490000000.0,-297000000.0,,,,,99000000.0,99000000.0,,,,,-196000000.0,,831000000.0,
2020-10-25,26881000000.0,14393000000.0,2251000000.0,10139000000.0,1495000000.0,2546000000.0,12594000000.0,2059000000.0,,7054000000.0,2861000000.0,4193000000.0,17890000000.0,106000000.0,7888000000.0,213000000.0,2028000000.0,11547000000.0,3669000000.0,1097000000.0,764000000.0,998000000.0,0.0,9070000000.0,720000000.0,6961000000.0,998000000.0,5963000000.0,6961000000.0,1339000000.0,1311000000.0,15334000000.0,10530000000.0,17550000000.0,1000000.0,618000000.0,2960000000.0,4726000000.0,1766000000.0,1766000000.0,1398000000.0,515000000.0,1047000000.0,1562000000.0,7000000.0,-53000000.0,7000000.0,53000000.0,,-4000000.0,,299000000.0,1348000000.0,12000000.0,53000000.0,1336000000.0,1344000000.0,1401000000.0,1700000000.0,1336000000.0,1279000000.0,53000000.0,,279000000.0,998000000.0,519000000.0,473000000.0,462000000.0,93000000.0,1336000000.0,-2001000000.0,-301000000.0,,,,,99000000.0,99000000.0,,,,,-298000000.0,,1620000000.0,
2021-01-31,28791000000.0,16055000000.0,847000000.0,11561000000.0,1826000000.0,2429000000.0,12880000000.0,2149000000.0,1408000000.0,6927000000.0,2737000000.0,4190000000.0,22209000000.0,144000000.0,10714000000.0,97000000.0,2144000000.0,11898000000.0,3925000000.0,1149000000.0,902000000.0,999000000.0,0.0,9246000000.0,634000000.0,6963000000.0,999000000.0,5964000000.0,6963000000.0,1437000000.0,1375000000.0,16893000000.0,10756000000.0,18908000000.0,3000000.0,620000000.0,3156000000.0,5003000000.0,1847000000.0,1846000000.0,1507000000.0,503000000.0,1146000000.0,1649000000.0,7000000.0,-53000000.0,6000000.0,53000000.0,,9000000.0,,288000000.0,1470000000.0,13000000.0,53000000.0,1457000000.0,1464000000.0,1523000000.0,1811000000.0,1457000000.0,2067000000.0,176000000.0,,163000000.0,202000000.0,288000000.0,283000000.0,-117000000.0,334000000.0,1457000000.0,-3129000000.0,-342000000.0,,0.0,0.0,,99000000.0,99000000.0,,0.0,0.0,0.0,0.0,,-1404000000.0,
2021-05-02,30796000000.0,18127000000.0,978000000.0,978000000.0,1992000000.0,,12669000000.0,2268000000.0,,6806000000.0,2613000000.0,4193000000.0,,146000000.0,11689000000.0,132000000.0,2090000000.0,12022000000.0,4004000000.0,1218000000.0,506000000.0,999000000.0,1134000000.0,8018000000.0,775000000.0,6963000000.0,999000000.0,5964000000.0,7738000000.0,1319000000.0,1414000000.0,18774000000.0,11242000000.0,20721000000.0,1000000.0,621000000.0,3629000000.0,5661000000.0,2032000000.0,2032000000.0,1956000000.0,520000000.0,1153000000.0,1673000000.0,6000000.0,-53000000.0,6000000.0,53000000.0,,135000000.0,,281000000.0,2044000000.0,132000000.0,53000000.0,1912000000.0,1907000000.0,2097000000.0,2378000000.0,1912000000.0,1874000000.0,39000000.0,,83000000.0,752000000.0,281000000.0,298000000.0,595000000.0,159000000.0,1912000000.0,-1272000000.0,-471000000.0,,0.0,0.0,,99000000.0,99000000.0,,,,,-477000000.0,,131000000.0,
2021-08-01,38650000000.0,25806000000.0,5628000000.0,5628000000.0,2114000000.0,,12844000000.0,2364000000.0,,6671000000.0,2478000000.0,4193000000.0,,147000000.0,14026000000.0,129000000.0,2050000000.0,17503000000.0,4448000000.0,1474000000.0,490000000.0,1000000000.0,1000000000.0,13055000000.0,716000000.0,11943000000.0,1000000000.0,10943000000.0,12659000000.0,1673000000.0,1396000000.0,21147000000.0,11604000000.0,22995000000.0,3000000.0,2493000000.0,4215000000.0,6507000000.0,2292000000.0,2292000000.0,2444000000.0,526000000.0,1245000000.0,1771000000.0,6000000.0,-60000000.0,6000000.0,60000000.0,,4000000.0,,286000000.0,2394000000.0,20000000.0,60000000.0,252000000.0,2368000000.0,2454000000.0,2740000000.0,2374000000.0,2682000000.0,36000000.0,,260000000.0,669000000.0,286000000.0,183000000.0,562000000.0,123000000.0,252000000.0,-2533000000.0,4501000000.0,,0.0,0.0,,100000000.0,100000000.0,,,,,-366000000.0,,252000000.0,
2021-10-31,40632000000.0,25806000000.0,1288000000.0,19298000000.0,2233000000.0,3954000000.0,15134000000.0,2509000000.0,,6756000000.0,2454000000.0,4302000000.0,37357000000.0,308000000.0,18010000000.0,321000000.0,3761000000.0,16834000000.0,3612000000.0,1664000000.0,978000000.0,0.0,0.0,14727000000.0,743000000.0,10944000000.0,0.0,10944000000.0,10944000000.0,1510000000.0,1535000000.0,23798000000.0,12038000000.0,25359000000.0,3000000.0,2499000000.0,4631000000.0,7103000000.0,2472000000.0,2472000000.0,2671000000.0,557000000.0,1403000000.0,1960000000.0,7000000.0,-62000000.0,7000000.0,62000000.0,,22000000.0,,143000000.0,2638000000.0,174000000.0,62000000.0,2464000000.0,2465000000.0,2700000000.0,2843000000.0,2464000000.0,1519000000.0,39000000.0,,384000000.0,2059000000.0,298000000.0,222000000.0,366000000.0,118000000.0,2464000000.0,-4439000000.0,-1420000000.0,,0.0,0.0,,100000000.0,100000000.0,,0.0,0.0,0.0,0.0,,2923000000.0,
2022-01-30,44187000000.0,28829000000.0,1990000000.0,21208000000.0,2605000000.0,4650000000.0,15624000000.0,2778000000.0,1903000000.0,6688000000.0,2339000000.0,4349000000.0,40397000000.0,266000000.0,19218000000.0,366000000.0,3841000000.0,17575000000.0,4335000000.0,1783000000.0,1004000000.0,0.0,0.0,14667000000.0,741000000.0,10946000000.0,0.0,10946000000.0,10946000000.0,843000000.0,1553000000.0,26612000000.0,0.0,16235000000.0,3000000.0,2506000000.0,4999000000.0,7643000000.0,2644000000.0,2644000000.0,2970000000.0,563000000.0,1466000000.0,2029000000.0,9000000.0,-61000000.0,9000000.0,61000000.0,,-53000000.0,,145000000.0,2865000000.0,-138000000.0,61000000.0,3003000000.0,2983000000.0,2926000000.0,3071000000.0,3003000000.0,3033000000.0,286000000.0,,33000000.0,1224000000.0,309000000.0,273000000.0,692000000.0,374000000.0,3003000000.0,-1586000000.0,-745000000.0,,0.0,0.0,,101000000.0,100000000.0,,,,,-622000000.0,,702000000.0,
2022-05-01,45212000000.0,29575000000.0,3887000000.0,3887000000.0,3163000000.0,,15637000000.0,2916000000.0,,6576000000.0,2211000000.0,4365000000.0,,285000000.0,16451000000.0,636000000.0,3505000000.0,18892000000.0,5562000000.0,1999000000.0,537000000.0,,,13330000000.0,752000000.0,10947000000.0,,10947000000.0,11699000000.0,3229000000.0,1631000000.0,26320000000.0,,15758000000.0,3000000.0,2506000000.0,5431000000.0,8288000000.0,2857000000.0,2857000000.0,1868000000.0,592000000.0,1618000000.0,3563000000.0,18000000.0,-68000000.0,18000000.0,68000000.0,,-13000000.0,,155000000.0,1805000000.0,187000000.0,68000000.0,1618000000.0,1565000000.0,1873000000.0,2028000000.0,1618000000.0,1731000000.0,45000000.0,,325000000.0,2609000000.0,334000000.0,361000000.0,788000000.0,560000000.0,1618000000.0,2612000000.0,-2446000000.0,,1996000000.0,1996000000.0,,100000000.0,100000000.0,,,,,-1996000000.0,,1897000000.0,
2022-07-31,43476000000.0,27418000000.0,3013000000.0,17037000000.0,3889000000.0,5317000000.0,16365000000.0,3233000000.0,,6408000000.0,2036000000.0,4372000000.0,30922000000.0,307000000.0,14024000000.0,1175000000.0,3340000000.0,19625000000.0,7573000000.0,2421000000.0,1120000000.0,1249000000.0,0.0,13527000000.0,743000000.0,10949000000.0,1249000000.0,9700000000.0,10949000000.0,3544000000.0,1609000000.0,23851000000.0,,12971000000.0,2000000.0,2495000000.0,2915000000.0,6704000000.0,3789000000.0,570000000.0,499000000.0,592000000.0,1824000000.0,2416000000.0,46000000.0,-65000000.0,46000000.0,65000000.0,,-5000000.0,,182000000.0,475000000.0,-181000000.0,65000000.0,656000000.0,630000000.0,540000000.0,722000000.0,656000000.0,1270000000.0,46000000.0,,294000000.0,898000000.0,378000000.0,433000000.0,-120000000.0,725000000.0,656000000.0,1618000000.0,-3762000000.0,,3345000000.0,3345000000.0,,100000000.0,100000000.0,,0.0,0.0,0.0,-3345000000.0,,,
2022-10-30,40488000000.0,23223000000.0,2800000000.0,13143000000.0,4454000000.0,4908000000.0,17579000000.0,3774000000.0,,6222000000.0,1850000000.0,4372000000.0,23489000000.0,314000000.0,10343000000.0,718000000.0,3580000000.0,19139000000.0,6855000000.0,1491000000.0,1102000000.0,1249000000.0,0.0,13800000000.0,798000000.0,10950000000.0,1249000000.0,9701000000.0,10950000000.0,3777000000.0,1785000000.0,21349000000.0,,9905000000.0,2000000.0,2483000000.0,3177000000.0,5931000000.0,2754000000.0,354000000.0,601000000.0,631000000.0,1945000000.0,2576000000.0,88000000.0,-65000000.0,88000000.0,65000000.0,,-11000000.0,,181000000.0,613000000.0,-67000000.0,65000000.0,680000000.0,647000000.0,678000000.0,859000000.0,680000000.0,392000000.0,43000000.0,,-875000000.0,-94000000.0,406000000.0,530000000.0,-410000000.0,563000000.0,680000000.0,3148000000.0,-3753000000.0,,3485000000.0,3485000000.0,,100000000.0,100000000.0,,,,,-3485000000.0,,,
2023-01-29,41182000000.0,23073000000.0,3389000000.0,13296000000.0,5159000000.0,3827000000.0,18408000000.0,3807000000.0,2694000000.0,6048000000.0,1676000000.0,4400000000.0,23261000000.0,299000000.0,9907000000.0,791000000.0,3820000000.0,19081000000.0,6563000000.0,1193000000.0,1144000000.0,1250000000.0,0.0,14187000000.0,902000000.0,10953000000.0,1250000000.0,9703000000.0,10953000000.0,3766000000.0,1913000000.0,22101000000.0,,10171000000.0,2000000.0,2466000000.0,3833000000.0,6051000000.0,2218000000.0,2218000000.0,1256000000.0,625000000.0,1952000000.0,2577000000.0,115000000.0,-64000000.0,115000000.0,64000000.0,,-19000000.0,,556000000.0,1288000000.0,-126000000.0,64000000.0,1414000000.0,1494000000.0,1352000000.0,1908000000.0,1414000000.0,2248000000.0,304000000.0,,-43000000.0,-164000000.0,426000000.0,509000000.0,-1080000000.0,706000000.0,1414000000.0,-3000000.0,-1656000000.0,,1213000000.0,1213000000.0,,98000000.0,98000000.0,,,,,-1213000000.0,,,
2023-04-30,44460000000.0,24883000000.0,5079000000.0,15320000000.0,4611000000.0,4080000000.0,20082000000.0,3740000000.0,,5971000000.0,1541000000.0,4430000000.0,25817000000.0,505000000.0,10241000000.0,872000000.0,4204000000.0,19940000000.0,7260000000.0,1141000000.0,1194000000.0,1250000000.0,0.0,14500000000.0,939000000.0,10954000000.0,1250000000.0,9704000000.0,10954000000.0,4315000000.0,2037000000.0,24520000000.0,,12115000000.0,2000000.0,2470000000.0,4648000000.0,7192000000.0,2544000000.0,105000000.0,2140000000.0,633000000.0,1875000000.0,2508000000.0,150000000.0,-66000000.0,150000000.0,66000000.0,,-15000000.0,,181000000.0,2209000000.0,166000000.0,66000000.0,2043000000.0,2036000000.0,2275000000.0,2456000000.0,2043000000.0,2911000000.0,61000000.0,,116000000.0,-99000000.0,384000000.0,248000000.0,252000000.0,-566000000.0,2043000000.0,-841000000.0,-380000000.0,,0.0,0.0,,99000000.0,99000000.0,,0.0,0.0,0.0,0.0,,1690000000.0,
2023-07-30,49555000000.0,28797000000.0,5783000000.0,16023000000.0,4319000000.0,7066000000.0,21558000000.0,3799000000.0,,5825000000.0,1395000000.0,4430000000.0,26888000000.0,800000000.0,10240000000.0,1389000000.0,4501000000.0,22054000000.0,10334000000.0,1929000000.0,1458000000.0,1249000000.0,1457000000.0,13751000000.0,1041000000.0,9705000000.0,1249000000.0,8456000000.0,9705000000.0,6527000000.0,2223000000.0,27501000000.0,,14921000000.0,2000000.0,2473000000.0,9462000000.0,13507000000.0,4045000000.0,343000000.0,6800000000.0,622000000.0,2040000000.0,2662000000.0,187000000.0,-65000000.0,187000000.0,65000000.0,,59000000.0,,146000000.0,6981000000.0,793000000.0,65000000.0,6188000000.0,6187000000.0,7046000000.0,7192000000.0,6188000000.0,6348000000.0,74000000.0,,909000000.0,3069000000.0,365000000.0,289000000.0,2987000000.0,-295000000.0,6188000000.0,-446000000.0,-5099000000.0,,3067000000.0,3067000000.0,,99000000.0,99000000.0,,0.0,0.0,0.0,0.0,,803000000.0,
2023-10-29,54148000000.0,32658000000.0,5519000000.0,18281000000.0,4779000000.0,8309000000.0,22662000000.0,3844000000.0,,5681000000.0,1251000000.0,4430000000.0,31998000000.0,1172000000.0,12762000000.0,1289000000.0,4667000000.0,20883000000.0,9101000000.0,2380000000.0,1876000000.0,1249000000.0,1479000000.0,13837000000.0,1321000000.0,9706000000.0,1249000000.0,8457000000.0,9706000000.0,4729000000.0,2234000000.0,33265000000.0,,20360000000.0,2000000.0,2468000000.0,13400000000.0,18120000000.0,4720000000.0,208000000.0,10417000000.0,689000000.0,2294000000.0,2983000000.0,234000000.0,-63000000.0,234000000.0,63000000.0,,-66000000.0,,144000000.0,10523000000.0,1279000000.0,63000000.0,9242000000.0,9206000000.0,10586000000.0,10730000000.0,9243000000.0,7332000000.0,65000000.0,,433000000.0,1444000000.0,372000000.0,278000000.0,1243000000.0,456000000.0,9242000000.0,-3170000000.0,-4525000000.0,,3807000000.0,3807000000.0,,99000000.0,98000000.0,,0.0,0.0,0.0,-3807000000.0,,,
2024-01-28,65728000000.0,44345000000.0,7280000000.0,25984000000.0,5282000000.0,9999000000.0,22899000000.0,3914000000.0,3509000000.0,5512000000.0,1112000000.0,4430000000.0,45974000000.0,1546000000.0,18704000000.0,3080000000.0,4500000000.0,22750000000.0,10631000000.0,2699000000.0,2674000000.0,1250000000.0,0.0,14515000000.0,1347000000.0,9709000000.0,1250000000.0,8459000000.0,9709000000.0,5690000000.0,2541000000.0,42978000000.0,,29817000000.0,25000000.0,2464000000.0,16791000000.0,22103000000.0,5312000000.0,118000000.0,13614000000.0,712000000.0,2465000000.0,3177000000.0,294000000.0,-63000000.0,294000000.0,63000000.0,,261000000.0,,143000000.0,14106000000.0,1821000000.0,63000000.0,12285000000.0,12400000000.0,14169000000.0,14312000000.0,12285000000.0,11499000000.0,338000000.0,,587000000.0,3378000000.0,387000000.0,254000000.0,1690000000.0,503000000.0,12285000000.0,-6109000000.0,-3629000000.0,,2659000000.0,2659000000.0,,99000000.0,99000000.0,,,,,-2256000000.0,,,
2024-04-28,77072000000.0,53729000000.0,7587000000.0,31438000000.0,5864000000.0,12365000000.0,25093000000.0,4006000000.0,,5439000000.0,986000000.0,4453000000.0,56703000000.0,1750000000.0,23851000000.0,4062000000.0,4568000000.0,27930000000.0,15223000000.0,2715000000.0,3098000000.0,1250000000.0,1250000000.0,15547000000.0,1527000000.0,9710000000.0,1250000000.0,8460000000.0,9710000000.0,10413000000.0,2966000000.0,49142000000.0,,36598000000.0,2000000.0,2462000000.0,20406000000.0,26044000000.0,5638000000.0,210000000.0,16909000000.0,777000000.0,2720000000.0,3497000000.0,359000000.0,-64000000.0,359000000.0,64000000.0,,75000000.0,,143000000.0,17279000000.0,2398000000.0,64000000.0,14881000000.0,14745000000.0,17343000000.0,17486000000.0,14881000000.0,15345000000.0,69000000.0,,301000000.0,3669000000.0,410000000.0,369000000.0,2366000000.0,577000000.0,14881000000.0,-5693000000.0,-9345000000.0,,7740000000.0,7740000000.0,,98000000.0,98000000.0,,,,,-7455000000.0,,,
2024-07-28,85227000000.0,59633000000.0,8563000000.0,34800000000.0,6675000000.0,14132000000.0,27413000000.0,4885000000.0,,5574000000.0,952000000.0,4622000000.0,60203000000.0,1819000000.0,26237000000.0,4026000000.0,4001000000.0,27070000000.0,13969000000.0,3680000000.0,3442000000.0,0.0,250000000.0,16241000000.0,1554000000.0,8461000000.0,0.0,8461000000.0,8461000000.0,7918000000.0,3336000000.0,58157000000.0,,45961000000.0,25000000.0,24578000000.0,22574000000.0,30040000000.0,7466000000.0,345000000.0,18642000000.0,842000000.0,3090000000.0,3932000000.0,444000000.0,383000000.0,444000000.0,61000000.0,,189000000.0,,146000000.0,19214000000.0,2615000000.0,61000000.0,16599000000.0,16764000000.0,18642000000.0,18788000000.0,16599000000.0,14488000000.0,77000000.0,,1084000000.0,1856000000.0,433000000.0,977000000.0,1767000000.0,803000000.0,16599000000.0,-3184000000.0,-10320000000.0,,7158000000.0,7158000000.0,,246000000.0,246000000.0,,,,,-7158000000.0,,,
2024-10-27,96013000000.0,67640000000.0,9107000000.0,38487000000.0,7654000000.0,17693000000.0,31178000000.0,5343000000.0,,5562000000.0,838000000.0,4724000000.0,67185000000.0,2237000000.0,29380000000.0,3806000000.0,5437000000.0,30114000000.0,16479000000.0,5353000000.0,3170000000.0,0.0,273000000.0,17203000000.0,1763000000.0,8462000000.0,0.0,8462000000.0,8462000000.0,8745000000.0,3683000000.0,65899000000.0,,53950000000.0,25000000.0,24533000000.0,26156000000.0,35082000000.0,8926000000.0,322000000.0,21869000000.0,897000000.0,3390000000.0,4287000000.0,472000000.0,411000000.0,472000000.0,61000000.0,,36000000.0,,149000000.0,22316000000.0,3007000000.0,61000000.0,19309000000.0,19356000000.0,21869000000.0,22018000000.0,19309000000.0,17627000000.0,81000000.0,,1954000000.0,5252000000.0,478000000.0,813000000.0,3561000000.0,977000000.0,19309000000.0,-4346000000.0,-12745000000.0,,10997000000.0,10997000000.0,,245000000.0,245000000.0,,,,,-10793000000.0,,,
