fiscal_date_ending,total_assets,total_current_assets,cash_and_cash_equivalents,cash_and_short_term_investments,inventory,current_net_receivables,total_non_current_assets,property_plant_equipment,accumulated_depreciation_amortization_ppe,intangible_assets,intangible_assets_excluding_goodwill,goodwill,investments,long_term_investments,short_term_investments,other_current_assets,other_non_current_assets,total_liabilities,total_current_liabilities,current_accounts_payable,deferred_revenue,current_debt,short_term_debt,total_non_current_liabilities,capital_lease_obligations,long_term_debt,current_long_term_debt,long_term_debt_non_current,short_long_term_debt_total,other_current_liabilities,other_non_current_liabilities,total_shareholder_equity,treasury_stock,retained_earnings,common_stock,common_stock_shares_outstanding,gross_profit,total_revenue,cost_of_revenue,cost_of_goods_and_services_sold,operating_income,selling_general_and_administrative,research_and_development,operating_expenses,investment_income_net,net_interest_income,interest_income,interest_expense,non_interest_income,other_non_operating_income,depreciation,depreciation_and_amortization,income_before_tax,income_tax_expense,interest_and_debt_expense,net_income_from_continuing_operations,comprehensive_income_net_of_tax,ebit,ebitda,net_income,operating_cashflow,payments_for_operating_activities,proceeds_from_operating_activities,change_in_operating_liabilities,change_in_operating_assets,depreciation_depletion_and_amortization,capital_expenditures,change_in_receivables,change_in_inventory,profit_loss,cashflow_from_investment,cashflow_from_financing,proceeds_from_repayments_of_short_term_debt,payments_for_repurchase_of_common_stock,payments_for_repurchase_of_equity,payments_for_repurchase_of_preferred_stock,dividend_payout,dividend_payout_common_stock,dividend_payout_preferred_stock,proceeds_from_issuance_of_common_stock,proceeds_from_issuance_of_long_term_debt_and_capital_securities_net,proceeds_from_issuance_of_preferred_stock,proceeds_from_repurchase_of_equity,proceeds_from_sale_of_treasury_stock,change_in_cash_and_cash_equivalents,change_in_exchange_rate
2009-06-30,139339000000.0,71550000000.0,2244000000.0,49647000000.0,4993000000.0,,,13194000000.0,,38405000000.0,16611000000.0,21794000000.0,,,47403000000.0,5310000000.0,3614000000.0,76104000000.0,26109000000.0,2595000000.0,,7645000000.0,,,,,,31864000000.0,,12632000000.0,2985000000.0,63041000000.0,57364000000.0,51965000000.0,443000000.0,6728000000.0,9228000000.0,10984000000.0,1756000000.0,1756000000.0,3580000000.0,3350000000.0,1715000000.0,5720000000.0,,,,66000000.0,,,,583000000.0,3047000000.0,786000000.0,,2258000000.0,4847000000.0,3967000000.0,4550000000.0,2261000000.0,4514000000.0,,,,,1006000000.0,269000000.0,,,2266000000.0,-12973000000.0,9408000000.0,,,,,1067000000.0,1067000000.0,,,,,-111000000.0,,997000000.0,48000000.0
2009-09-30,141294000000.0,73784000000.0,4234000000.0,52473000000.0,5058000000.0,,,13173000000.0,,37921000000.0,16125000000.0,21796000000.0,,,48239000000.0,4679000000.0,4250000000.0,75044000000.0,23992000000.0,2481000000.0,,6954000000.0,,,,,,32402000000.0,,10577000000.0,3136000000.0,66157000000.0,57364000000.0,54835000000.0,443000000.0,6730000000.0,5956000000.0,11621000000.0,5665000000.0,1789000000.0,448000000.0,3282000000.0,1632000000.0,5508000000.0,,-369000000.0,,369000000.0,,23000000.0,,594000000.0,3970000000.0,1092000000.0,369000000.0,2876000000.0,3067000000.0,4339000000.0,4951000000.0,2878000000.0,4101000000.0,,,,,969000000.0,261000000.0,,,2881000000.0,-298000000.0,-1828000000.0,,,,,1068000000.0,1068000000.0,,,,,5000000.0,,1990000000.0,15000000.0
2009-12-31,212949000000.0,61670000000.0,1978000000.0,25969000000.0,12403000000.0,,,22780000000.0,11144000000.0,110372000000.0,68015000000.0,42357000000.0,,,23991000000.0,,,122503000000.0,37225000000.0,4370000000.0,,5469000000.0,,,,,27000000.0,43193000000.0,,,5611000000.0,90014000000.0,21632000000.0,40426000000.0,443000000.0,7847000000.0,6113000000.0,16537000000.0,10424000000.0,3506000000.0,-3237000000.0,5244000000.0,2861000000.0,9350000000.0,,-464000000.0,,463000000.0,,-39000000.0,,1122000000.0,-40000000.0,-807000000.0,464000000.0,659000000.0,11866000000.0,423000000.0,1545000000.0,767000000.0,4825000000.0,212000000.0,,,,1774000000.0,422000000.0,,1631000000.0,766000000.0,-4367000000.0,-2734000000.0,,,,,1280000000.0,1280000000.0,,,26000000.0,,,,-2256000000.0,20000000.0
2010-03-31,195113000000.0,49916000000.0,1759000000.0,17262000000.0,10132000000.0,,,21651000000.0,,107128000000.0,64480000000.0,42648000000.0,,,15503000000.0,,,105031000000.0,25924000000.0,3028000000.0,,7769000000.0,,,,,,38281000000.0,,,5670000000.0,89659000000.0,21697000000.0,42429000000.0,443000000.0,8061000000.0,5793000000.0,16099000000.0,10306000000.0,4202000000.0,-2606000000.0,4403000000.0,2295000000.0,8876000000.0,,-522000000.0,,522000000.0,,-52000000.0,,1409000000.0,3161000000.0,1135000000.0,522000000.0,2005000000.0,-468000000.0,3683000000.0,5092000000.0,2026000000.0,-6360000000.0,792000000.0,,,,2051000000.0,305000000.0,,,2035000000.0,9394000000.0,-3211000000.0,,,,,1441000000.0,1441000000.0,,,,,8000000.0,,-219000000.0,-42000000.0
2010-06-30,191071000000.0,51101000000.0,1877000000.0,19268000000.0,9511000000.0,,,20041000000.0,,105373000000.0,62231000000.0,43142000000.0,,,17391000000.0,,,104193000000.0,24681000000.0,3078000000.0,,5509000000.0,,,,,,37765000000.0,,,5650000000.0,86439000000.0,22206000000.0,42010000000.0,443000000.0,8046000000.0,6300000000.0,16928000000.0,10628000000.0,3684000000.0,-2825000000.0,4774000000.0,2181000000.0,9329000000.0,,-389000000.0,,389000000.0,,-18000000.0,,1407000000.0,3947000000.0,1472000000.0,389000000.0,2444000000.0,10000000.0,4336000000.0,5743000000.0,2475000000.0,4873000000.0,550000000.0,,,,2213000000.0,373000000.0,,,2485000000.0,-361000000.0,-4361000000.0,,,,,1554000000.0,1554000000.0,,,,,-500000000.0,,118000000.0,-33000000.0
2010-09-30,191415000000.0,54089000000.0,2176000000.0,22464000000.0,8771000000.0,,,19450000000.0,,102414000000.0,58627000000.0,43787000000.0,,,20288000000.0,,,103347000000.0,24172000000.0,3206000000.0,,5158000000.0,,,,,,39010000000.0,,,6193000000.0,87635000000.0,22707000000.0,42873000000.0,443000000.0,8027000000.0,-212000000.0,15581000000.0,212000000.0,3790000000.0,-212000000.0,4599000000.0,2188000000.0,8829000000.0,,-427000000.0,,427000000.0,,-3000000.0,,1156000000.0,1424000000.0,558000000.0,427000000.0,851000000.0,1574000000.0,1851000000.0,3007000000.0,866000000.0,6683000000.0,697000000.0,,,,2229000000.0,288000000.0,,,871000000.0,-3880000000.0,-2523000000.0,,500000000.0,500000000.0,,1549000000.0,1549000000.0,,,,,-500000000.0,,299000000.0,19000000.0
2010-12-31,195014000000.0,61013000000.0,1735000000.0,28012000000.0,8275000000.0,,,17607000000.0,12732000000.0,100987000000.0,57555000000.0,43432000000.0,,,26277000000.0,,,106749000000.0,28636000000.0,3994000000.0,,5603000000.0,,,,,3502000000.0,38410000000.0,,,5601000000.0,87813000000.0,22712000000.0,42716000000.0,444000000.0,8009000000.0,5604000000.0,17402000000.0,11798000000.0,3112000000.0,-4203000000.0,5197000000.0,2874000000.0,10511000000.0,,-461000000.0,,459000000.0,19000000.0,184000000.0,,1432000000.0,878000000.0,-2012000000.0,461000000.0,2987000000.0,3149000000.0,1337000000.0,2769000000.0,2890000000.0,6258000000.0,116000000.0,,,,1906000000.0,547000000.0,-608000000.0,2917000000.0,2897000000.0,-5645000000.0,-1079000000.0,,0.0,0.0,,1544000000.0,1544000000.0,,,0.0,,0.0,,-441000000.0,25000000.0
2011-03-31,194956000000.0,58244000000.0,730000000.0,24009000000.0,8467000000.0,,,18833000000.0,,103350000000.0,58497000000.0,44853000000.0,,,23279000000.0,,,104423000000.0,29171000000.0,3750000000.0,,6093000000.0,,,,,,35308000000.0,,,4970000000.0,90067000000.0,24215000000.0,44926000000.0,444000000.0,7982000000.0,6110000000.0,16056000000.0,9946000000.0,3693000000.0,-2234000000.0,4503000000.0,2091000000.0,8790000000.0,,-458000000.0,,458000000.0,,1000000.0,,1376000000.0,3116000000.0,894000000.0,458000000.0,2212000000.0,3602000000.0,3574000000.0,5074000000.0,2222000000.0,4642000000.0,687000000.0,,,,2104000000.0,250000000.0,,,2234000000.0,725000000.0,-6404000000.0,2682000000.0,1430000000.0,1430000000.0,,1591000000.0,1591000000.0,,,,,-1430000000.0,,-1005000000.0,32000000.0
2011-06-30,195899000000.0,60484000000.0,3096000000.0,25484000000.0,8597000000.0,,,18281000000.0,,102166000000.0,57059000000.0,45107000000.0,,,22388000000.0,,,106936000000.0,30471000000.0,3698000000.0,,5988000000.0,,,,,,35723000000.0,,,4932000000.0,88481000000.0,26471000000.0,44320000000.0,445000000.0,7875000000.0,6081000000.0,16095000000.0,10014000000.0,3571000000.0,-2593000000.0,4800000000.0,2231000000.0,9064000000.0,,-404000000.0,,404000000.0,,16000000.0,,1395000000.0,3687000000.0,1077000000.0,404000000.0,2513000000.0,3712000000.0,4091000000.0,5615000000.0,2610000000.0,5898000000.0,650000000.0,,,,2305000000.0,358000000.0,,,2618000000.0,361000000.0,-3918000000.0,2186000000.0,2249000000.0,2249000000.0,,1568000000.0,1568000000.0,,,,,-2249000000.0,,2366000000.0,25000000.0
2011-09-30,196132000000.0,62732000000.0,3706000000.0,28963000000.0,8426000000.0,,,17721000000.0,,101006000000.0,55597000000.0,45409000000.0,,,25257000000.0,,,105602000000.0,27856000000.0,3765000000.0,,5637000000.0,,,,,,35399000000.0,,,6239000000.0,90047000000.0,28586000000.0,48121000000.0,445000000.0,7770000000.0,6717000000.0,16207000000.0,9490000000.0,3409000000.0,-1540000000.0,4457000000.0,2176000000.0,8659000000.0,,-423000000.0,,423000000.0,,-113000000.0,,1397000000.0,4954000000.0,1216000000.0,423000000.0,2314000000.0,3480000000.0,5377000000.0,6777000000.0,3738000000.0,4439000000.0,535000000.0,,,,2247000000.0,454000000.0,,,3749000000.0,215000000.0,-4035000000.0,4745000000.0,2110000000.0,2110000000.0,,1551000000.0,1551000000.0,,,,,-2110000000.0,,610000000.0,-9000000.0
2011-12-31,188002000000.0,60817000000.0,3182000000.0,26452000000.0,6610000000.0,,,14673000000.0,13316000000.0,95753000000.0,51184000000.0,44569000000.0,,9814000000.0,23270000000.0,,,105381000000.0,28909000000.0,3678000000.0,,4016000000.0,,,,,6000000.0,34926000000.0,,,6100000000.0,82190000000.0,31801000000.0,46210000000.0,445000000.0,7637000000.0,5566000000.0,17944000000.0,12378000000.0,2051000000.0,-5220000000.0,3946000000.0,2625000000.0,11228000000.0,,60000000.0,,396000000.0,-46000000.0,-41000000.0,,1285000000.0,1893000000.0,454000000.0,396000000.0,869000000.0,-1474000000.0,2289000000.0,3574000000.0,1439000000.0,5261000000.0,3151000000.0,,,,2133000000.0,598000000.0,-66000000.0,1084000000.0,1448000000.0,542000000.0,-6250000000.0,3197000000.0,3211000000.0,3211000000.0,,1524000000.0,1524000000.0,,,0.0,,-3211000000.0,,-524000000.0,-77000000.0
2012-03-31,185683000000.0,54863000000.0,2934000000.0,23972000000.0,7189000000.0,,,16192000000.0,,98053000000.0,52801000000.0,45252000000.0,,10632000000.0,21038000000.0,,,102006000000.0,27094000000.0,3091000000.0,,5526000000.0,,,,,,33543000000.0,,,5119000000.0,83256000000.0,33519000000.0,48124000000.0,446000000.0,7537000000.0,5520000000.0,14495000000.0,8975000000.0,2745000000.0,-2772000000.0,3968000000.0,2062000000.0,8682000000.0,,-390000000.0,,390000000.0,,-175000000.0,,1420000000.0,2505000000.0,711000000.0,390000000.0,1715000000.0,2301000000.0,2895000000.0,4395000000.0,1794000000.0,2774000000.0,508000000.0,,,,2252000000.0,254000000.0,,,1803000000.0,451000000.0,-3507000000.0,1561000000.0,1659000000.0,1659000000.0,,1650000000.0,1650000000.0,,,,,-1624000000.0,,-248000000.0,34000000.0
2012-06-30,182842000000.0,58765000000.0,3031000000.0,24306000000.0,7001000000.0,,,14756000000.0,,92967000000.0,48399000000.0,44568000000.0,,10548000000.0,21275000000.0,,,102881000000.0,30798000000.0,3165000000.0,,7703000000.0,,,,,,30868000000.0,,,5836000000.0,79547000000.0,34863000000.0,47904000000.0,447000000.0,7476000000.0,6065000000.0,13590000000.0,7525000000.0,2376000000.0,-684000000.0,3665000000.0,1600000000.0,7127000000.0,,-378000000.0,,378000000.0,,65000000.0,,1291000000.0,4433000000.0,1180000000.0,378000000.0,2993000000.0,867000000.0,4811000000.0,6111000000.0,3253000000.0,4021000000.0,686000000.0,,,,1750000000.0,294000000.0,,,3260000000.0,-887000000.0,-2968000000.0,2203000000.0,1340000000.0,1340000000.0,,1633000000.0,1633000000.0,,,,,-1177000000.0,,97000000.0,-69000000.0
2012-09-30,182603000000.0,57127000000.0,4506000000.0,22968000000.0,7516000000.0,,,14606000000.0,,91579000000.0,47209000000.0,44370000000.0,,13429000000.0,18462000000.0,,,100488000000.0,29131000000.0,2967000000.0,,7774000000.0,,,,,,31083000000.0,,,5261000000.0,81703000000.0,36703000000.0,51256000000.0,447000000.0,7436000000.0,5647000000.0,13613000000.0,7966000000.0,2309000000.0,-1635000000.0,3491000000.0,1981000000.0,7645000000.0,,-382000000.0,,381000000.0,19000000.0,-62000000.0,,1300000000.0,3025000000.0,-183000000.0,382000000.0,2983000000.0,3563000000.0,3406000000.0,4706000000.0,3208000000.0,5003000000.0,481000000.0,,,,1656000000.0,285000000.0,,,3214000000.0,-247000000.0,-3291000000.0,1936000000.0,1835000000.0,1835000000.0,,1632000000.0,1632000000.0,,,0.0,,-2033000000.0,,1475000000.0,10000000.0
2012-12-31,185798000000.0,64831000000.0,10081000000.0,32399000000.0,6076000000.0,,,13213000000.0,12752000000.0,88807000000.0,45146000000.0,43661000000.0,,14149000000.0,22318000000.0,3567000000.0,3233000000.0,104120000000.0,29186000000.0,2921000000.0,,6424000000.0,,,,,2449000000.0,31036000000.0,,13812000000.0,4851000000.0,81260000000.0,40122000000.0,54240000000.0,448000000.0,7319000000.0,4848000000.0,14741000000.0,9893000000.0,2753000000.0,-4490000000.0,4337000000.0,2136000000.0,9704000000.0,,11000000.0,,373000000.0,7000000.0,-3875000000.0,,1300000000.0,6914000000.0,599000000.0,373000000.0,1472000000.0,6015000000.0,7287000000.0,8587000000.0,6315000000.0,4948000000.0,198000000.0,,,,1846000000.0,494000000.0,275000000.0,-631000000.0,6321000000.0,6837000000.0,-6233000000.0,2295000000.0,3394000000.0,3394000000.0,,1619000000.0,1619000000.0,,,0.0,,-3394000000.0,,5575000000.0,23000000.0
2013-03-31,187398000000.0,64763000000.0,1892000000.0,35104000000.0,7035000000.0,,,13950000000.0,,87861000000.0,44109000000.0,43752000000.0,,15392000000.0,33212000000.0,,,104571000000.0,27543000000.0,3279000000.0,,8896000000.0,,,,,,31481000000.0,,,5138000000.0,82250000000.0,44832000000.0,56972000000.0,450000000.0,7187000000.0,5496000000.0,13599000000.0,8103000000.0,2263000000.0,-1675000000.0,3217000000.0,1800000000.0,7072000000.0,,-276000000.0,,371000000.0,490000000.0,-128000000.0,,1300000000.0,3859000000.0,1109000000.0,391000000.0,2607000000.0,2548000000.0,4230000000.0,5530000000.0,2750000000.0,2303000000.0,433000000.0,,,,2097000000.0,202000000.0,,,2765000000.0,-10926000000.0,434000000.0,0.0,4626000000.0,4626000000.0,,1735000000.0,1735000000.0,,,2624000000.0,,-3938000000.0,,-8189000000.0,0.0
2013-06-30,179335000000.0,61435000000.0,2436000000.0,33711000000.0,6282000000.0,,,12443000000.0,,84207000000.0,41776000000.0,42431000000.0,,16107000000.0,31275000000.0,,,100358000000.0,23450000000.0,1978000000.0,,5214000000.0,,,,,,31532000000.0,,,5231000000.0,78547000000.0,59515000000.0,67628000000.0,451000000.0,7042000000.0,6721000000.0,12586000000.0,5865000000.0,2242000000.0,1568000000.0,3591000000.0,1530000000.0,5540000000.0,,-254000000.0,,356000000.0,-31000000.0,-29000000.0,,1200000000.0,15877000000.0,1782000000.0,356000000.0,3565000000.0,13785000000.0,16233000000.0,17433000000.0,14095000000.0,3757000000.0,670000000.0,,,,1523000000.0,309000000.0,,,14134000000.0,843000000.0,-4034000000.0,2334000000.0,3263000000.0,3263000000.0,,1701000000.0,1701000000.0,,,3994000000.0,,-2702000000.0,,544000000.0,-22000000.0
2013-09-30,175521000000.0,59500000000.0,2052000000.0,33679000000.0,6482000000.0,,,12359000000.0,,82949000000.0,40549000000.0,42400000000.0,,15731000000.0,31627000000.0,,,97167000000.0,20373000000.0,2287000000.0,,4738000000.0,,,,,,31812000000.0,,,4515000000.0,77969000000.0,63272000000.0,70381000000.0,452000000.0,6581000000.0,5279000000.0,12303000000.0,7024000000.0,2287000000.0,-1085000000.0,3395000000.0,1627000000.0,6704000000.0,94000000.0,-340000000.0,,340000000.0,,-411000000.0,,1117000000.0,3575000000.0,985000000.0,340000000.0,2582000000.0,2672000000.0,3915000000.0,5670000000.0,2590000000.0,5900000000.0,409000000.0,,,,1521000000.0,278000000.0,,,2599000000.0,-603000000.0,-5631000000.0,1389000000.0,3754000000.0,3754000000.0,,1590000000.0,1590000000.0,,,,,-3565000000.0,,-384000000.0,-50000000.0
2013-12-31,172101000000.0,56244000000.0,2183000000.0,32408000000.0,6166000000.0,,,12397000000.0,13281000000.0,81904000000.0,39385000000.0,42519000000.0,,16406000000.0,30225000000.0,3689000000.0,3596000000.0,95481000000.0,23366000000.0,3234000000.0,,6027000000.0,,,,,2060000000.0,30462000000.0,,9972000000.0,4767000000.0,76307000000.0,67923000000.0,69732000000.0,453000000.0,6438000000.0,4252000000.0,13475000000.0,9223000000.0,2794000000.0,-3935000000.0,4152000000.0,1811000000.0,8673000000.0,112000000.0,56000000.0,403000000.0,347000000.0,-139000000.0,18000000.0,,1200000000.0,2998000000.0,430000000.0,347000000.0,2626000000.0,5653000000.0,3345000000.0,4545000000.0,2568000000.0,5724000000.0,217000000.0,,,,1488000000.0,676000000.0,940000000.0,-538000000.0,2574000000.0,142000000.0,-5744000000.0,-159000000.0,4647000000.0,4647000000.0,,1554000000.0,1554000000.0,,,0.0,,-4335000000.0,,131000000.0,9000000.0
2014-03-31,171808000000.0,57793000000.0,2862000000.0,33881000000.0,6066000000.0,,,12347000000.0,,80589000000.0,38122000000.0,42467000000.0,,15822000000.0,31019000000.0,3473000000.0,3759000000.0,93740000000.0,24790000000.0,2546000000.0,,9319000000.0,,,,,,27649000000.0,,10315000000.0,4416000000.0,77769000000.0,69204000000.0,72028000000.0,454000000.0,6389000000.0,5844000000.0,11124000000.0,5280000000.0,2045000000.0,972000000.0,3040000000.0,1623000000.0,5193000000.0,92000000.0,-229000000.0,92000000.0,321000000.0,,-623000000.0,,1117000000.0,2911000000.0,582000000.0,321000000.0,2256000000.0,2210000000.0,3232000000.0,4971000000.0,2329000000.0,2935000000.0,361000000.0,,,,1456000000.0,298000000.0,,,2338000000.0,-98000000.0,-2133000000.0,1028000000.0,1197000000.0,1197000000.0,,1662000000.0,1662000000.0,,,,,-772000000.0,,679000000.0,-25000000.0
2014-06-30,172612000000.0,58287000000.0,3406000000.0,34054000000.0,6249000000.0,,,12179000000.0,,80021000000.0,37360000000.0,42661000000.0,,17168000000.0,30648000000.0,2727000000.0,3574000000.0,95656000000.0,21938000000.0,2990000000.0,,5561000000.0,,,,32267000000.0,,32267000000.0,,9346000000.0,4238000000.0,76633000000.0,70535000000.0,71627000000.0,454000000.0,6368000000.0,6471000000.0,12534000000.0,6063000000.0,2462000000.0,1111000000.0,3520000000.0,1759000000.0,5703000000.0,104000000.0,-239000000.0,104000000.0,343000000.0,,53000000.0,,1001000000.0,3994000000.0,1082000000.0,343000000.0,2912000000.0,3150000000.0,4337000000.0,5393000000.0,2912000000.0,4087000000.0,635000000.0,,,,1424000000.0,328000000.0,,,2921000000.0,-1507000000.0,-2040000000.0,-3726000000.0,1323000000.0,1323000000.0,,1658000000.0,1658000000.0,,,,,-1165000000.0,,544000000.0,4000000.0
2014-09-30,171362000000.0,56987000000.0,2437000000.0,33446000000.0,6355000000.0,,,12032000000.0,,79098000000.0,36374000000.0,42724000000.0,,18451000000.0,31009000000.0,2545000000.0,3421000000.0,93057000000.0,19920000000.0,2973000000.0,,5389000000.0,,,,31666000000.0,,31666000000.0,,8824000000.0,4266000000.0,77988000000.0,71820000000.0,74292000000.0,455000000.0,6330000000.0,6121000000.0,12269000000.0,6148000000.0,2368000000.0,539000000.0,3556000000.0,1802000000.0,5582000000.0,108000000.0,-343000000.0,,343000000.0,,-94000000.0,,972000000.0,3577000000.0,911000000.0,343000000.0,2669000000.0,2351000000.0,3920000000.0,5101000000.0,2666000000.0,4463000000.0,333000000.0,,,,1326000000.0,561000000.0,,,2672000000.0,-2535000000.0,-2887000000.0,-55000000.0,1281000000.0,1281000000.0,,1650000000.0,1650000000.0,,,,,-1160000000.0,,-968000000.0,-9000000.0
2014-12-31,167566000000.0,55595000000.0,3343000000.0,36122000000.0,5663000000.0,,,11762000000.0,13226000000.0,77235000000.0,35166000000.0,42069000000.0,,17518000000.0,32779000000.0,2843000000.0,3513000000.0,95944000000.0,21587000000.0,3210000000.0,,5141000000.0,,,,31541000000.0,3011000000.0,31541000000.0,,9153000000.0,4883000000.0,71301000000.0,73021000000.0,72176000000.0,455000000.0,6295000000.0,2007000000.0,13030000000.0,11023000000.0,2702000000.0,-9523000000.0,3981000000.0,3209000000.0,11530000000.0,122000000.0,-353000000.0,,353000000.0,,-344000000.0,,948000000.0,1773000000.0,545000000.0,353000000.0,1249000000.0,-2621000000.0,2126000000.0,3650000000.0,1228000000.0,5599000000.0,221000000.0,,,,1331000000.0,396000000.0,148000000.0,175000000.0,1236000000.0,-1514000000.0,-3127000000.0,915000000.0,1199000000.0,1199000000.0,,1639000000.0,1639000000.0,,,0.0,,-901000000.0,,905000000.0,-53000000.0
2015-03-31,160640000000.0,49443000000.0,3563000000.0,27708000000.0,5786000000.0,,,11527000000.0,,76188000000.0,34334000000.0,41854000000.0,,18289000000.0,24145000000.0,2815000000.0,3716000000.0,93053000000.0,20222000000.0,2724000000.0,,6555000000.0,,,,,,29370000000.0,,8320000000.0,5644000000.0,67304000000.0,79100000000.0,74471000000.0,458000000.0,6203000000.0,5780000000.0,10777000000.0,4997000000.0,1838000000.0,736000000.0,3104000000.0,1885000000.0,5044000000.0,93000000.0,-309000000.0,,309000000.0,,46000000.0,,940000000.0,3082000000.0,706000000.0,309000000.0,2371000000.0,1134000000.0,3391000000.0,4317000000.0,2376000000.0,680000000.0,332000000.0,,,,1260000000.0,246000000.0,,,2381000000.0,6592000000.0,-6978000000.0,2861000000.0,6000000000.0,6000000000.0,,1758000000.0,1758000000.0,,,,,-5206000000.0,,220000000.0,-74000000.0
2015-06-30,160878000000.0,51715000000.0,3670000000.0,30256000000.0,5796000000.0,,,11432000000.0,,74995000000.0,33424000000.0,41571000000.0,,17650000000.0,26586000000.0,2449000000.0,3635000000.0,93698000000.0,24143000000.0,2930000000.0,,8394000000.0,,,,,,26729000000.0,,8390000000.0,5310000000.0,66894000000.0,79098000000.0,73620000000.0,458000000.0,6159000000.0,6156000000.0,11832000000.0,5676000000.0,2180000000.0,926000000.0,3386000000.0,1734000000.0,5230000000.0,119000000.0,-278000000.0,,278000000.0,,-55000000.0,,872000000.0,3531000000.0,905000000.0,278000000.0,2626000000.0,2663000000.0,3809000000.0,4943000000.0,2626000000.0,4090000000.0,582000000.0,,,,1201000000.0,263000000.0,,,2635000000.0,-2105000000.0,-1875000000.0,-368000000.0,,,,1725000000.0,1725000000.0,,,,,187000000.0,,107000000.0,-4000000.0
2015-09-30,170867000000.0,45001000000.0,3099000000.0,20658000000.0,7678000000.0,,,13695000000.0,,90514000000.0,43297000000.0,47217000000.0,,16233000000.0,17559000000.0,2248000000.0,3911000000.0,103743000000.0,27845000000.0,3294000000.0,,9818000000.0,,,,29079000000.0,,29079000000.0,,9672000000.0,4987000000.0,66838000000.0,79259000000.0,74019000000.0,459000000.0,6168000000.0,5374000000.0,12013000000.0,6639000000.0,2219000000.0,-768000000.0,3270000000.0,1722000000.0,6142000000.0,121000000.0,-278000000.0,,278000000.0,,-661000000.0,,937000000.0,2697000000.0,567000000.0,278000000.0,2122000000.0,1481000000.0,2975000000.0,5151000000.0,2130000000.0,5020000000.0,248000000.0,,,,1272000000.0,325000000.0,,,2139000000.0,-5243000000.0,-3915000000.0,1421000000.0,960000000.0,960000000.0,,1728000000.0,1728000000.0,,,,,205000000.0,,4956000000.0,-84000000.0
2015-12-31,167381000000.0,43804000000.0,3641000000.0,23290000000.0,7513000000.0,,,13766000000.0,13502000000.0,88598000000.0,40356000000.0,48242000000.0,,15999000000.0,19649000000.0,2154000000.0,3420000000.0,102384000000.0,29399000000.0,3620000000.0,,10159000000.0,,,,28818000000.0,3719000000.0,28740000000.0,,10990000000.0,5257000000.0,64720000000.0,79252000000.0,71993000000.0,459000000.0,6176000000.0,354000000.0,13145000000.0,12791000000.0,3410000000.0,-11375000000.0,5048000000.0,2348000000.0,11729000000.0,139000000.0,-335000000.0,,335000000.0,,-2190000000.0,,980000000.0,-360000000.0,-188000000.0,335000000.0,-169000000.0,-523000000.0,-25000000.0,3285000000.0,-172000000.0,4898000000.0,140000000.0,,,,1424000000.0,662000000.0,21000000.0,-199000000.0,-169000000.0,-2224000000.0,-1294000000.0,395000000.0,0.0,0.0,,1729000000.0,1729000000.0,,,0.0,,98000000.0,,542000000.0,-838000000.0
2016-03-31,162929000000.0,41298000000.0,2561000000.0,19443000000.0,7578000000.0,,,13584000000.0,14002000000.0,88160000000.0,39602000000.0,48558000000.0,,14146000000.0,16882000000.0,2355000000.0,4003000000.0,99582000000.0,28735000000.0,3125000000.0,,11546000000.0,,,,,,27824000000.0,,11419000000.0,5180000000.0,63068000000.0,84313000000.0,74971000000.0,460000000.0,6150000000.0,6402000000.0,12886000000.0,6484000000.0,2851000000.0,764000000.0,3385000000.0,1731000000.0,5638000000.0,113000000.0,-306000000.0,,306000000.0,,-330000000.0,,1006000000.0,3551000000.0,513000000.0,306000000.0,3038000000.0,3040000000.0,3857000000.0,5461000000.0,3038000000.0,1808000000.0,409000000.0,,,,1425000000.0,301000000.0,,,3048000000.0,4355000000.0,-7171000000.0,1056000000.0,5000000000.0,5000000000.0,,1854000000.0,1854000000.0,,,,,-4704000000.0,,-1080000000.0,-73000000.0
2016-06-30,171000000000.0,43845000000.0,3411000000.0,20942000000.0,7614000000.0,,,13609000000.0,14637000000.0,93656000000.0,43056000000.0,50600000000.0,,13124000000.0,17531000000.0,3023000000.0,4618000000.0,107592000000.0,32099000000.0,3261000000.0,,13724000000.0,,,,30457000000.0,,30457000000.0,,11053000000.0,5518000000.0,62769000000.0,84313000000.0,73350000000.0,461000000.0,6068000000.0,5388000000.0,13129000000.0,7741000000.0,3174000000.0,-1188000000.0,3471000000.0,1748000000.0,6576000000.0,122000000.0,-292000000.0,,292000000.0,,-1068000000.0,,961000000.0,2394000000.0,347000000.0,292000000.0,2046000000.0,2676000000.0,2686000000.0,5085000000.0,2047000000.0,3606000000.0,494000000.0,,,,1387000000.0,497000000.0,,,2063000000.0,-4678000000.0,1918000000.0,1142000000.0,0.0,0.0,,1821000000.0,1821000000.0,,,,,400000000.0,,850000000.0,5000000.0
2016-09-30,178430000000.0,38501000000.0,2094000000.0,14371000000.0,7507000000.0,,,13284000000.0,14838000000.0,110519000000.0,54238000000.0,56281000000.0,,9507000000.0,12277000000.0,2843000000.0,4759000000.0,114829000000.0,34759000000.0,3476000000.0,,13633000000.0,,,,30437000000.0,,30437000000.0,,12623000000.0,6059000000.0,63306000000.0,84346000000.0,72846000000.0,461000000.0,6066000000.0,5732000000.0,12987000000.0,7255000000.0,3085000000.0,-279000000.0,3559000000.0,1881000000.0,6011000000.0,123000000.0,-291000000.0,,291000000.0,,-1417000000.0,,968000000.0,1604000000.0,249000000.0,291000000.0,1355000000.0,2032000000.0,1895000000.0,4931000000.0,1355000000.0,4737000000.0,274000000.0,,,,1396000000.0,432000000.0,,,1355000000.0,-4381000000.0,-1662000000.0,-85000000.0,0.0,0.0,,1821000000.0,1821000000.0,,,,,250000000.0,,-1317000000.0,-11000000.0
2016-12-31,171615000000.0,38949000000.0,2595000000.0,17850000000.0,6783000000.0,,,13318000000.0,14807000000.0,107097000000.0,52648000000.0,54449000000.0,,7116000000.0,15255000000.0,2249000000.0,3323000000.0,111776000000.0,31115000000.0,4536000000.0,,10688000000.0,,,,31398000000.0,4225000000.0,31398000000.0,,11023000000.0,6337000000.0,59544000000.0,84364000000.0,71774000000.0,461000000.0,6071000000.0,-241000000.0,13229000000.0,241000000.0,3211000000.0,-482000000.0,4430000000.0,2512000000.0,241000000.0,113000000.0,-297000000.0,,297000000.0,,-979000000.0,,1121000000.0,789000000.0,14000000.0,609000000.0,758000000.0,-2046000000.0,1086000000.0,3586000000.0,775000000.0,6041000000.0,274000000.0,,,,1549000000.0,769000000.0,-134000000.0,365000000.0,781000000.0,-3087000000.0,-2313000000.0,-2827000000.0,0.0,0.0,,1821000000.0,1821000000.0,,,5945000000.0,,73000000.0,,501000000.0,-136000000.0
2017-03-31,168784000000.0,35878000000.0,4057000000.0,14560000000.0,7415000000.0,,,13238000000.0,15050000000.0,107083000000.0,52427000000.0,54656000000.0,,7346000000.0,10503000000.0,2218000000.0,3329000000.0,110038000000.0,24864000000.0,3393000000.0,,7680000000.0,,,,36330000000.0,3292000000.0,36330000000.0,,11143000000.0,6918000000.0,58435000000.0,89414000000.0,74847000000.0,463000000.0,6006000000.0,6737000000.0,12604000000.0,5867000000.0,2468000000.0,1614000000.0,3315000000.0,1716000000.0,5075000000.0,81000000.0,-309000000.0,,309000000.0,48000000.0,-60000000.0,,1186000000.0,3942000000.0,821000000.0,309000000.0,3121000000.0,3563000000.0,4251000000.0,5549000000.0,3121000000.0,1584000000.0,216000000.0,,,,1555000000.0,358000000.0,,-357000000.0,3130000000.0,4768000000.0,-4907000000.0,-2075000000.0,5000000000.0,5000000000.0,,1945000000.0,1945000000.0,,,,,-4687000000.0,,1461000000.0,21000000.0
2017-06-30,169000000000.0,36385000000.0,2585000000.0,14333000000.0,7584000000.0,,,13386000000.0,15506000000.0,106362000000.0,51348000000.0,55014000000.0,,7008000000.0,11748000000.0,1877000000.0,3466000000.0,109863000000.0,27182000000.0,3439000000.0,,9514000000.0,,,,34191000000.0,3072000000.0,34191000000.0,,10148000000.0,6440000000.0,58368000000.0,89416000000.0,74107000000.0,463000000.0,5958000000.0,6439000000.0,12584000000.0,6145000000.0,2660000000.0,1156000000.0,3430000000.0,1787000000.0,5283000000.0,94000000.0,-312000000.0,,312000000.0,12896000000.0,75000000.0,,1208000000.0,3812000000.0,739000000.0,312000000.0,3071000000.0,3486000000.0,4124000000.0,5391000000.0,3073000000.0,3240000000.0,665000000.0,,,,1574000000.0,489000000.0,,-357000000.0,3078000000.0,-1738000000.0,-2989000000.0,2051000000.0,0.0,0.0,,1910000000.0,1910000000.0,,,,,98000000.0,,-1471000000.0,16000000.0
2017-09-30,172000000000.0,40291000000.0,2779000000.0,16925000000.0,7925000000.0,,,13505000000.0,15906000000.0,105799000000.0,49721000000.0,56078000000.0,,7311000000.0,14146000000.0,2158000000.0,3388000000.0,111041000000.0,28217000000.0,3480000000.0,,9448000000.0,,,,34503000000.0,3072000000.0,34503000000.0,,10446000000.0,6388000000.0,60770000000.0,89421000000.0,75043000000.0,463000000.0,5951000000.0,6236000000.0,12871000000.0,6635000000.0,2844000000.0,438000000.0,3504000000.0,1865000000.0,5798000000.0,99000000.0,-320000000.0,,320000000.0,13191000000.0,-79000000.0,,1177000000.0,3567000000.0,727000000.0,320000000.0,2840000000.0,3857000000.0,3887000000.0,5393000000.0,2840000000.0,4889000000.0,220000000.0,,,,1566000000.0,597000000.0,,-357000000.0,2858000000.0,-3011000000.0,-1711000000.0,-66000000.0,0.0,0.0,,1895000000.0,1895000000.0,,,,,245000000.0,,194000000.0,30000000.0
2017-12-31,172000000000.0,41141000000.0,1342000000.0,19992000000.0,,,,13865000000.0,16172000000.0,104693000000.0,48741000000.0,55952000000.0,,7015000000.0,18650000000.0,2289000000.0,,100141000000.0,30427000000.0,4656000000.0,,9953000000.0,,,,,3546000000.0,33538000000.0,,,,71308000000.0,89425000000.0,,464000000.0,5964000000.0,4634000000.0,12828000000.0,8194000000.0,3256000000.0,-2745000000.0,4555000000.0,2290000000.0,7327000000.0,116000000.0,-330000000.0,,330000000.0,-39887000000.0,-1351000000.0,,1187000000.0,938000000.0,-11336000000.0,1329000000.0,12274000000.0,12117000000.0,1268000000.0,3902000000.0,12274000000.0,7089000000.0,417000000.0,,,,1574000000.0,773000000.0,259000000.0,-357000000.0,12289000000.0,-4759000000.0,-3743000000.0,-35000000.0,0.0,0.0,,1909000000.0,1909000000.0,,,1000000.0,,206000000.0,,-1438000000.0,-14000000.0
2018-03-31,164612000000.0,34835000000.0,2302000000.0,11421000000.0,8148000000.0,,,13971000000.0,16665000000.0,104083000000.0,47690000000.0,56393000000.0,,6945000000.0,9119000000.0,2126000000.0,2896000000.0,94071000000.0,27365000000.0,3879000000.0,,9010000000.0,,,,,4763000000.0,31831000000.0,,10950000000.0,5644000000.0,70184000000.0,95460000000.0,89961000000.0,465000000.0,5957000000.0,6673000000.0,12609000000.0,5936000000.0,2563000000.0,1501000000.0,3412000000.0,1743000000.0,5172000000.0,77000000.0,-310000000.0,,310000000.0,12919000000.0,178000000.0,,1196000000.0,4117000000.0,556000000.0,313000000.0,3562000000.0,3480000000.0,4427000000.0,5391000000.0,3561000000.0,1983000000.0,259000000.0,,,,1567000000.0,418000000.0,,-717000000.0,3570000000.0,9667000000.0,-10720000000.0,-2148000000.0,6063000000.0,6063000000.0,,2032000000.0,2032000000.0,,,,,-5691000000.0,,930000000.0,
2018-06-30,164980000000.0,37303000000.0,2704000000.0,13431000000.0,8074000000.0,,,13919000000.0,16844000000.0,102420000000.0,46584000000.0,55836000000.0,,6595000000.0,10727000000.0,2343000000.0,2896000000.0,94856000000.0,32156000000.0,4196000000.0,,11583000000.0,,,,,4262000000.0,28935000000.0,,10125000000.0,5947000000.0,69778000000.0,95463000000.0,89860000000.0,465000000.0,5866000000.0,6701000000.0,13159000000.0,6458000000.0,2916000000.0,1381000000.0,3542000000.0,1797000000.0,5320000000.0,80000000.0,-326000000.0,,326000000.0,13485000000.0,551000000.0,,1191000000.0,4520000000.0,648000000.0,326000000.0,3872000000.0,3270000000.0,4846000000.0,5255000000.0,3872000000.0,3847000000.0,465000000.0,,,,1562000000.0,424000000.0,,-717000000.0,3879000000.0,-1474000000.0,-1908000000.0,3065000000.0,0.0,0.0,,1989000000.0,1989000000.0,,,,,102000000.0,,3902000000.0,
2018-09-30,167838000000.0,41583000000.0,3559000000.0,17239000000.0,8184000000.0,,,14036000000.0,17078000000.0,100920000000.0,45306000000.0,55614000000.0,,6444000000.0,13680000000.0,2450000000.0,2980000000.0,96174000000.0,29013000000.0,4297000000.0,,7385000000.0,,,,,4255000000.0,33652000000.0,,10490000000.0,6367000000.0,71319000000.0,96574000000.0,91995000000.0,466000000.0,5875000000.0,6721000000.0,12926000000.0,6205000000.0,2694000000.0,1104000000.0,3494000000.0,2008000000.0,5617000000.0,82000000.0,-310000000.0,,310000000.0,13236000000.0,414000000.0,,1253000000.0,4180000000.0,66000000.0,310000000.0,4103000000.0,3700000000.0,4490000000.0,5187000000.0,4114000000.0,5259000000.0,244000000.0,,,,1614000000.0,562000000.0,,-717000000.0,4122000000.0,-2904000000.0,-1406000000.0,-4184000000.0,1105000000.0,1105000000.0,,1994000000.0,1994000000.0,,,4974000000.0,,-480000000.0,,4122000000.0,
2018-12-31,159000000000.0,49926000000.0,1139000000.0,18833000000.0,7508000000.0,,,13385000000.0,16591000000.0,78138000000.0,35211000000.0,42927000000.0,,2586000000.0,17694000000.0,,,95664000000.0,31858000000.0,4674000000.0,,8831000000.0,,,,,4776000000.0,32909000000.0,,,,63407000000.0,101610000000.0,,467000000.0,5791000000.0,2762000000.0,13734000000.0,10972000000.0,814000000.0,-7824000000.0,2164000000.0,2457000000.0,10586000000.0,93000000.0,-370000000.0,,370000000.0,14104000000.0,-3220000000.0,,1253000000.0,-1929000000.0,-1536000000.0,373000000.0,-7712000000.0,-1252000000.0,-1559000000.0,4765000000.0,-393000000.0,4738000000.0,343000000.0,,,,1641000000.0,792000000.0,-644000000.0,-717000000.0,-383000000.0,-764000000.0,-6407000000.0,924000000.0,5030000000.0,5030000000.0,,1963000000.0,1963000000.0,,,0.0,,-4870000000.0,,-2433000000.0,
2019-03-31,155421000000.0,45290000000.0,1937000000.0,11619000000.0,8029000000.0,,,13467000000.0,16158000000.0,87526000000.0,34039000000.0,53487000000.0,,2859000000.0,9682000000.0,2567000000.0,4333000000.0,96263000000.0,29423000000.0,4156000000.0,,9410000000.0,,,,,4471000000.0,35733000000.0,,10276000000.0,6346000000.0,58806000000.0,110781000000.0,93388000000.0,468000000.0,5635000000.0,6696000000.0,12624000000.0,5928000000.0,2433000000.0,1455000000.0,3339000000.0,1703000000.0,5241000000.0,66000000.0,-361000000.0,304000000.0,361000000.0,12985000000.0,-92000000.0,,40374.0,4317000000.0,433000000.0,499000000.0,3884000000.0,4236000000.0,4678000000.0,6130000000.0,3884000000.0,1698000000.0,385000000.0,,,,1545000000.0,618000000.0,,-1050000000.0,3889000000.0,7550000000.0,-8467000000.0,875000000.0,8865000000.0,8865000000.0,,2045000000.0,2045000000.0,,,4942000000.0,,-8739000000.0,,781000000.0,
2019-06-30,156000000000.0,47073000000.0,1784000000.0,12912000000.0,8233000000.0,,,13521000000.0,16389000000.0,86376000000.0,33024000000.0,53352000000.0,,2905000000.0,11128000000.0,2535000000.0,4388000000.0,96274000000.0,32030000000.0,4002000000.0,,10507000000.0,,,,,2139000000.0,36168000000.0,,10110000000.0,6183000000.0,59568000000.0,110786000000.0,94440000000.0,468000000.0,5562000000.0,6961000000.0,12892000000.0,5931000000.0,2576000000.0,1723000000.0,3511000000.0,1842000000.0,5238000000.0,59000000.0,-389000000.0,59000000.0,389000000.0,13270000000.0,-126000000.0,,40963.0,4131000000.0,-915000000.0,389000000.0,5046000000.0,4434000000.0,4520000000.0,5703000000.0,5046000000.0,2611000000.0,580000000.0,82000000.0,,,1528000000.0,588000000.0,,-1050000000.0,5056000000.0,-1902000000.0,-851000000.0,3425000000.0,0.0,0.0,,2002000000.0,2002000000.0,,,0.0,,122000000.0,,5219000000.0,
2019-09-30,170000000000.0,33459000000.0,2785000000.0,9087000000.0,8222000000.0,,,13701000000.0,16728000000.0,97660000000.0,38995000000.0,58665000000.0,,2723000000.0,6302000000.0,2954000000.0,4920000000.0,105051000000.0,36974000000.0,3942000000.0,,16617000000.0,,,,,2431000000.0,36044000000.0,,10160000000.0,6381000000.0,65103000000.0,110795000000.0,100113000000.0,468000000.0,5545000000.0,6113000000.0,12284000000.0,6171000000.0,2602000000.0,210000000.0,3260000000.0,2283000000.0,5903000000.0,60000000.0,-409000000.0,60000000.0,409000000.0,12683000000.0,-319000000.0,,44646.0,10727000000.0,3047000000.0,409000000.0,7676000000.0,7415000000.0,11136000000.0,4747000000.0,7680000000.0,4510000000.0,525000000.0,,,,1553000000.0,662000000.0,,-1050000000.0,7684000000.0,-6760000000.0,3273000000.0,5798000000.0,0.0,0.0,,2004000000.0,2004000000.0,,,,,55000000.0,,7684000000.0,
2019-12-31,167594000000.0,32803000000.0,1121000000.0,9646000000.0,7068000000.0,,,12969000000.0,14990000000.0,82117000000.0,33936000000.0,48181000000.0,,20147000000.0,8525000000.0,2357000000.0,4199000000.0,104148000000.0,37304000000.0,3887000000.0,,16195000000.0,,,,,1462000000.0,35955000000.0,,9334000000.0,6894000000.0,63143000000.0,110801000000.0,97670000000.0,468000000.0,5533000000.0,2168000000.0,12298000000.0,10130000000.0,443000000.0,-8475000000.0,2616000000.0,2823000000.0,10643000000.0,41000000.0,-416000000.0,-1000000.0,415000000.0,12700000000.0,-2960000000.0,,46467.0,-2566000000.0,-1983000000.0,416000000.0,-5898000000.0,-176000000.0,-2151000000.0,3168000000.0,-583000000.0,3769000000.0,443000000.0,,,,1384000000.0,726000000.0,-742000000.0,-1050000000.0,-572000000.0,-2833000000.0,-2440000000.0,530000000.0,0.0,0.0,,1992000000.0,1992000000.0,,,0.0,,91000000.0,,-1504000000.0,
2020-03-31,166000000000.0,34738000000.0,2151000000.0,10350000000.0,8423000000.0,,,14040000000.0,16929000000.0,92966000000.0,34464000000.0,58502000000.0,,18220000000.0,8199000000.0,2737000000.0,4166000000.0,100998000000.0,33890000000.0,3972000000.0,,16007000000.0,,,,,337000000.0,36281000000.0,,10515000000.0,6812000000.0,65026000000.0,111010000000.0,101000000000.0,470000000.0,5545000000.0,6407000000.0,11657000000.0,5250000000.0,1940000000.0,1733000000.0,2541000000.0,1724000000.0,4674000000.0,34000000.0,-390000000.0,34000000.0,390000000.0,12047000000.0,-190000000.0,,47300.0,3714000000.0,359000000.0,390000000.0,2474000000.0,1914000000.0,4104000000.0,5374000000.0,3355000000.0,3133000000.0,472000000.0,,,,1218000000.0,495000000.0,,,3364000000.0,-71000000.0,-2200000000.0,958000000.0,0.0,0.0,,2105000000.0,2105000000.0,,,,,124000000.0,,862000000.0,
2020-06-30,178000000000.0,46424000000.0,1801000000.0,22794000000.0,8564000000.0,,,14113000000.0,16889000000.0,91990000000.0,33541000000.0,58449000000.0,,18720000000.0,20993000000.0,2513000000.0,4327000000.0,113370000000.0,32723000000.0,3872000000.0,,13084000000.0,,,,,1481000000.0,50529000000.0,,10168000000.0,6812000000.0,64336000000.0,110978000000.0,100203000000.0,470000000.0,5554000000.0,5874000000.0,11428000000.0,5554000000.0,1826000000.0,343000000.0,2659000000.0,2132000000.0,5531000000.0,19000000.0,-372000000.0,-5000000.0,367000000.0,11800000000.0,955000000.0,,51116.0,3911000000.0,422000000.0,372000000.0,2596000000.0,3314000000.0,4278000000.0,4778000000.0,3489000000.0,3555000000.0,438000000.0,,,,1251000000.0,480000000.0,,,3497000000.0,-13011000000.0,9159000000.0,-4045000000.0,0.0,0.0,,2111000000.0,2111000000.0,,,,,34000000.0,,3434000000.0,
2020-09-30,178983000000.0,47739000000.0,1587000000.0,21912000000.0,9295000000.0,,,14403000000.0,16636000000.0,90829000000.0,30927000000.0,59902000000.0,,19008000000.0,20325000000.0,2519000000.0,4355000000.0,113487000000.0,34154000000.0,4141000000.0,,13363000000.0,,,,,2149000000.0,49785000000.0,,10683000000.0,6851000000.0,65259000000.0,110980000000.0,100284000000.0,470000000.0,5557000000.0,5211000000.0,11713000000.0,6502000000.0,2007000000.0,-1104000000.0,2658000000.0,2360000000.0,6315000000.0,17000000.0,-416000000.0,-71000000.0,345000000.0,12129000000.0,-1878000000.0,,52750.0,1122000000.0,-347000000.0,416000000.0,909000000.0,2766000000.0,1467000000.0,4470000000.0,1469000000.0,2090000000.0,387000000.0,,,,1262000000.0,530000000.0,,,1477000000.0,481000000.0,-2821000000.0,-382000000.0,0.0,0.0,,2112000000.0,2112000000.0,,,,,48000000.0,,2202000000.0,
2020-12-31,154229000000.0,35067000000.0,1786000000.0,12223000000.0,8020000000.0,,,13745000000.0,14661000000.0,77893000000.0,28337000000.0,49556000000.0,,20262000000.0,10437000000.0,3646000000.0,4879000000.0,90756000000.0,25920000000.0,4283000000.0,,2703000000.0,,,,4000000000.0,2002000000.0,37133000000.0,,11561000000.0,6669000000.0,63238000000.0,110988000000.0,90392000000.0,470000000.0,5564000000.0,678000000.0,6852000000.0,5046000000.0,2711000000.0,-6368000000.0,3739000000.0,3189000000.0,7046000000.0,3000000.0,-271000000.0,76000000.0,347000000.0,5955000000.0,-99000000.0,,55131.0,782000000.0,-64000000.0,271000000.0,651000000.0,1646000000.0,1129000000.0,2403000000.0,846000000.0,5625000000.0,678000000.0,,,,1046000000.0,1286000000.0,-1249000000.0,-736000000.0,857000000.0,8330000000.0,-13787000000.0,-10505000000.0,0.0,0.0,,2112000000.0,2112000000.0,,,-11478000000.0,,219000000.0,,168000000.0,
2021-03-31,158818000000.0,39533000000.0,1768000000.0,13667000000.0,8493000000.0,,,14011000000.0,15105000000.0,77765000000.0,27974000000.0,49791000000.0,,20228000000.0,11899000000.0,4091000000.0,4744000000.0,89953000000.0,26652000000.0,4064000000.0,,4352000000.0,,,,,3676000000.0,35347000000.0,,12798000000.0,6677000000.0,68620000000.0,111349000000.0,95158000000.0,472000000.0,5584000000.0,7518000000.0,14208000000.0,6690000000.0,4157000000.0,2694000000.0,2777000000.0,2013000000.0,4824000000.0,,-336000000.0,127000000.0,336000000.0,14544000000.0,1004000000.0,,55213.0,5685000000.0,808000000.0,336000000.0,4868000000.0,5523000000.0,6021000000.0,6295000000.0,4877000000.0,4538000000.0,445000000.0,,,,1226000000.0,554000000.0,,-1125000000.0,4886000000.0,-1747000000.0,-2807000000.0,-25000000.0,0.0,0.0,,2172000000.0,2172000000.0,,,,,,,-16000000.0,
2021-06-30,169920000000.0,48814000000.0,2372000000.0,21700000000.0,8948000000.0,,,14224000000.0,15328000000.0,77190000000.0,27323000000.0,49867000000.0,,20942000000.0,19328000000.0,3818000000.0,6056000000.0,99605000000.0,35664000000.0,4327000000.0,,3888000000.0,,,,,3687000000.0,35354000000.0,,17217000000.0,8228000000.0,70042000000.0,111356000000.0,96346000000.0,472000000.0,5598000000.0,8878000000.0,18559000000.0,9681000000.0,6996000000.0,3532000000.0,2923000000.0,2458000000.0,5346000000.0,13000000.0,-316000000.0,637000000.0,316000000.0,18875000000.0,1343000000.0,,55806.0,6686000000.0,1123000000.0,316000000.0,5539000000.0,5469000000.0,7002000000.0,7345000000.0,5563000000.0,11299000000.0,353000000.0,,,,1328000000.0,537000000.0,,-1125000000.0,5589000000.0,-8137000000.0,-2557000000.0,-474000000.0,0.0,0.0,,2183000000.0,2183000000.0,,,,,,,605000000.0,
2021-09-30,179188000000.0,57900000000.0,1966000000.0,29696000000.0,8640000000.0,,,14436000000.0,15403000000.0,75795000000.0,26306000000.0,49489000000.0,,21596000000.0,27730000000.0,3790000000.0,6705000000.0,103221000000.0,41803000000.0,4698000000.0,,3629000000.0,,,,,2663000000.0,36250000000.0,,20690000000.0,9201000000.0,75691000000.0,111359000000.0,102252000000.0,473000000.0,5609000000.0,11443000000.0,23788000000.0,12345000000.0,9932000000.0,4418000000.0,2899000000.0,3443000000.0,7025000000.0,10000000.0,-325000000.0,10000000.0,325000000.0,24113000000.0,1696000000.0,,54000.0,7818000000.0,-328000000.0,325000000.0,8155000000.0,7256000000.0,8143000000.0,9360000000.0,8146000000.0,10829000000.0,407000000.0,,,,1360000000.0,618000000.0,,-1125000000.0,8159000000.0,-10076000000.0,-1101000000.0,763000000.0,0.0,0.0,,2185000000.0,2185000000.0,,,0.0,,116000000.0,,-348000000.0,
2021-12-31,181000000000.0,59693000000.0,1944000000.0,60194000000.0,9059000000.0,11479000000.0,122219000000.0,14882000000.0,15074000000.0,74354000000.0,25146000000.0,49208000000.0,75934000000.0,21526000000.0,58250000000.0,3820000000.0,7679000000.0,104013000000.0,42671000000.0,5578000000.0,3067000000.0,2241000000.0,605000000.0,64415000000.0,,0.0,1636000000.0,36195000000.0,605000000.0,24939000000.0,9743000000.0,77201000000.0,111361000000.0,103394000000.0,473000000.0,5613000000.0,6731000000.0,24730000000.0,16829000000.0,9736000000.0,-7259000000.0,4104000000.0,5915000000.0,13990000000.0,15000000.0,-316000000.0,395000000.0,316000000.0,23835000000.0,835000000.0,,71391.0,3642000000.0,249000000.0,316000000.0,3851000000.0,3145000000.0,3958000000.0,5568000000.0,3393000000.0,5914000000.0,649000000.0,,,,1277000000.0,1002000000.0,-3811000000.0,-1125000000.0,3392000000.0,-2586000000.0,-3351000000.0,-360000000.0,0.0,0.0,,2189000000.0,2189000000.0,,,0.0,,0.0,,-23000000.0,
2022-03-31,183841000000.0,54420000000.0,2470000000.0,,9979000000.0,,,15109000000.0,15358000000.0,80027000000.0,29816000000.0,50211000000.0,,20737000000.0,,4202000000.0,7879000000.0,101155000000.0,39268000000.0,5506000000.0,,645000000.0,,,,,260000000.0,35656000000.0,,24583000000.0,10508000000.0,82424000000.0,113931000000.0,111193000000.0,476000000.0,5617000000.0,13182000000.0,25661000000.0,12479000000.0,9984000000.0,7670000000.0,2593000000.0,2656000000.0,5512000000.0,14000000.0,-322000000.0,14000000.0,322000000.0,11000000.0,-350000000.0,,60459.0,9036000000.0,1172000000.0,322000000.0,7879000000.0,7604000000.0,9358000000.0,11521000000.0,7864000000.0,6541000000.0,453000000.0,,,,1187000000.0,643000000.0,,,7870000000.0,567000000.0,-6578000000.0,-220000000.0,2000000000.0,2000000000.0,,2249000000.0,2249000000.0,,,,,-2000000000.0,,530000000.0,
2022-06-30,195290000000.0,67466000000.0,1780000000.0,,10454000000.0,,,15244000000.0,14969000000.0,78956000000.0,29065000000.0,49891000000.0,,18962000000.0,,5970000000.0,7659000000.0,107821000000.0,47410000000.0,6208000000.0,,5990000000.0,,,,,1276000000.0,34294000000.0,,23816000000.0,11311000000.0,87208000000.0,113939000000.0,116608000000.0,476000000.0,5593000000.0,15598000000.0,27742000000.0,12144000000.0,8648000000.0,9562000000.0,3048000000.0,2816000000.0,6036000000.0,30000000.0,-293000000.0,30000000.0,293000000.0,68000000.0,-772000000.0,,86065.0,11476000000.0,1570000000.0,293000000.0,9877000000.0,8943000000.0,11769000000.0,13905000000.0,9906000000.0,8170000000.0,318000000.0,,,,1169000000.0,751000000.0,,,9911000000.0,-11313000000.0,2520000000.0,4611000000.0,0.0,0.0,,2244000000.0,2244000000.0,,,0.0,,0.0,,-623000000.0,
2022-09-30,195350000000.0,70403000000.0,1298000000.0,,9513000000.0,,,15441000000.0,14931000000.0,77592000000.0,28151000000.0,49441000000.0,,13888000000.0,,6149000000.0,10890000000.0,102459000000.0,44314000000.0,6267000000.0,,4040000000.0,,,,,2566000000.0,32629000000.0,,19647000000.0,12239000000.0,92631000000.0,113945000000.0,122967000000.0,476000000.0,5607000000.0,13091000000.0,22638000000.0,9547000000.0,6063000000.0,5997000000.0,3391000000.0,3220000000.0,7094000000.0,70000000.0,-311000000.0,403000000.0,311000000.0,5000000.0,59000000.0,,27081.0,8964000000.0,356000000.0,311000000.0,8645000000.0,7503000000.0,9275000000.0,11249000000.0,8608000000.0,5974000000.0,350000000.0,,,,1183000000.0,841000000.0,,592000000.0,8623000000.0,-627000000.0,-5761000000.0,-3521000000.0,0.0,0.0,,2245000000.0,2245000000.0,,,0.0,,0.0,,-414000000.0,
2022-12-31,197000000000.0,51259000000.0,416000000.0,45048000000.0,8981000000.0,10952000000.0,148080000000.0,16274000000.0,15174000000.0,94745000000.0,43370000000.0,51375000000.0,59591000000.0,15069000000.0,44632000000.0,5017000000.0,13163000000.0,101288000000.0,42138000000.0,6809000000.0,2520000000.0,2945000000.0,385000000.0,62349000000.0,,,2560000000.0,32884000000.0,385000000.0,22568000000.0,13180000000.0,95661000000.0,113969000000.0,125656000000.0,476000000.0,5614000000.0,6039000000.0,24290000000.0,18251000000.0,9648000000.0,-6856000000.0,4645000000.0,3688000000.0,12895000000.0,137000000.0,-313000000.0,57000000.0,313000000.0,42000000.0,846000000.0,,54880.0,5224000000.0,230000000.0,313000000.0,5001000000.0,4916000000.0,5537000000.0,7562000000.0,4994000000.0,8582000000.0,938000000.0,,,,1519000000.0,1001000000.0,261000000.0,592000000.0,5003000000.0,-4410000000.0,-5015000000.0,-1088000000.0,0.0,0.0,,2245000000.0,2245000000.0,,,0.0,,0.0,,-843000000.0,
2023-03-31,195617000000.0,50078000000.0,2166000000.0,,9541000000.0,,,17052000000.0,15514000000.0,93478000000.0,42002000000.0,51476000000.0,,14743000000.0,,5120000000.0,12965000000.0,94381000000.0,36562000000.0,6123000000.0,,4188000000.0,,,,,3567000000.0,31704000000.0,,20255000000.0,13009000000.0,100970000000.0,114473000000.0,131102000000.0,478000000.0,5634000000.0,9990000000.0,18486000000.0,8496000000.0,4886000000.0,3738000000.0,3418000000.0,2526000000.0,6252000000.0,177000000.0,-318000000.0,524000000.0,318000000.0,33000000.0,-275000000.0,,41584.0,6258000000.0,715000000.0,318000000.0,5555000000.0,5558000000.0,6576000000.0,7869000000.0,5543000000.0,1212000000.0,419000000.0,,,,1487000000.0,1139000000.0,,,5556000000.0,3315000000.0,-2771000000.0,237000000.0,0.0,,,2303000000.0,2303000000.0,,,,,,,1756000000.0,
2023-06-30,220000000000.0,73347000000.0,2632000000.0,86938000000.0,10310000000.0,10231000000.0,144428000000.0,17488000000.0,15554000000.0,92978000000.0,41406000000.0,51572000000.0,82890000000.0,15066000000.0,84306000000.0,4828000000.0,13028000000.0,120875000000.0,34647000000.0,6081000000.0,1286000000.0,3985000000.0,420000000.0,86227000000.0,,,3565000000.0,61356000000.0,420000000.0,16079000000.0,13403000000.0,99019000000.0,114482000000.0,128796000000.0,478000000.0,5646000000.0,5882000000.0,13007000000.0,6852000000.0,3237000000.0,-646000000.0,3497000000.0,2681000000.0,6528000000.0,316000000.0,-508000000.0,99000000.0,508000000.0,14000000.0,75000000.0,,1184000000.0,2256000000.0,-71000000.0,508000000.0,2340000000.0,2514000000.0,2764000000.0,4210000000.0,2327000000.0,-1208000000.0,402000000.0,,,,1573000000.0,914000000.0,,,2338000000.0,-25485000000.0,27174000000.0,0.0,0.0,0.0,,2315000000.0,2315000000.0,,,0.0,,0.0,,481000000.0,
2023-09-30,215021000000.0,74012000000.0,3148000000.0,85214000000.0,10204000000.0,11086000000.0,134076000000.0,17862000000.0,15779000000.0,91751000000.0,40224000000.0,51527000000.0,84500000000.0,14239000000.0,82066000000.0,4624000000.0,8808000000.0,117817000000.0,31136000000.0,5338000000.0,2204000000.0,2548000000.0,288000000.0,86680000000.0,,,2260000000.0,61048000000.0,288000000.0,16776000000.0,14242000000.0,96934000000.0,114485000000.0,126411000000.0,478000000.0,5646000000.0,625000000.0,13491000000.0,12607000000.0,9269000000.0,-5654000000.0,3281000000.0,2778000000.0,6279000000.0,523000000.0,-695000000.0,424000000.0,695000000.0,223000000.0,-181000000.0,,1200000000.0,-3346000000.0,-964000000.0,695000000.0,-2388000000.0,-2247000000.0,-2651000000.0,-1451000000.0,-2382000000.0,3456000000.0,332000000.0,,,,1560000000.0,810000000.0,,,-2376000000.0,888000000.0,-3779000000.0,-128000000.0,0.0,0.0,,2314000000.0,2314000000.0,,,0.0,,0.0,,,
2023-12-31,226501000000.0,43333000000.0,2853000000.0,22527000000.0,10189000000.0,11177000000.0,186954000000.0,18940000000.0,16045000000.0,132683000000.0,64900000000.0,67783000000.0,30815000000.0,15368000000.0,19674000000.0,4911000000.0,12471000000.0,137213000000.0,47794000000.0,6710000000.0,2700000000.0,10350000000.0,8217000000.0,92556000000.0,,,2254000000.0,61538000000.0,8096000000.0,20537000000.0,16539000000.0,89014000000.0,114487000000.0,118353000000.0,478000000.0,5646000000.0,-3889000000.0,14249000000.0,18138000000.0,7563000000.0,-17882000000.0,4575000000.0,2887000000.0,13771000000.0,609000000.0,-688000000.0,609000000.0,688000000.0,52620000000.0,479000000.0,,1200000000.0,-4164000000.0,-795000000.0,688000000.0,-3335000000.0,-3364000000.0,-3476000000.0,-2276000000.0,-3369000000.0,5240000000.0,1806000000.0,,,4685000000.0,1670000000.0,1044000000.0,,-31000000.0,-3360000000.0,-10996000000.0,5442000000.0,7775000000.0,0.0,0.0,,2315000000.0,2315000000.0,,,,,0.0,,,
2024-03-31,221095000000.0,42415000000.0,719000000.0,23138000000.0,10892000000.0,10989000000.0,177100000000.0,18803000000.0,16362000000.0,132126000000.0,62829000000.0,69297000000.0,32512000000.0,11613000000.0,22419000000.0,4372000000.0,11197000000.0,128537000000.0,40497000000.0,5591000000.0,2502000000.0,8232000000.0,7295000000.0,88039000000.0,,,1001000000.0,61307000000.0,7231000000.0,18788000000.0,15122000000.0,92282000000.0,114755000000.0,121318000000.0,480000000.0,5657000000.0,6602000000.0,14879000000.0,8277000000.0,3379000000.0,-1100000000.0,3495000000.0,2493000000.0,7702000000.0,129000000.0,-790000000.0,129000000.0,790000000.0,214000000.0,-680000000.0,,1300000000.0,3408000000.0,293000000.0,790000000.0,3128000000.0,3319000000.0,4198000000.0,5498000000.0,3115000000.0,1090000000.0,415000000.0,,,,1736000000.0,704000000.0,,,3123000000.0,1732000000.0,-4931000000.0,-923000000.0,0.0,0.0,,2372000000.0,2372000000.0,,,,,0.0,,,
2024-06-30,216000000000.0,37825000000.0,1052000000.0,13149000000.0,11447000000.0,11393000000.0,173419000000.0,18957000000.0,16572000000.0,129685000000.0,61240000000.0,68445000000.0,23188000000.0,11149000000.0,12097000000.0,4190000000.0,10710000000.0,128218000000.0,43819000000.0,5106000000.0,2528000000.0,11944000000.0,8284000000.0,84400000000.0,,,3745000000.0,57506000000.0,8194000000.0,16410000000.0,16095000000.0,87700000000.0,114757000000.0,116596000000.0,480000000.0,5666000000.0,4878000000.0,13283000000.0,8405000000.0,3300000000.0,-3204000000.0,3717000000.0,2702000000.0,8082000000.0,130000000.0,-648000000.0,130000000.0,778000000.0,2000000.0,-1107000000.0,,1300000000.0,-93000000.0,-134000000.0,,31000000.0,-17000000.0,685000000.0,1985000000.0,41000000.0,-1781000000.0,1138000000.0,,,,1731000000.0,637000000.0,,,48000000.0,4600000000.0,-2459000000.0,984000000.0,0.0,0.0,,2380000000.0,2380000000.0,,,,,0.0,,,
2024-09-30,219476000000.0,43223000000.0,1092000000.0,18812000000.0,11721000000.0,14451000000.0,171110000000.0,18541000000.0,16675000000.0,128556000000.0,59986000000.0,68570000000.0,27748000000.0,10762000000.0,17720000000.0,3855000000.0,10486000000.0,126918000000.0,43211000000.0,5314000000.0,2020000000.0,9699000000.0,6001000000.0,83707000000.0,,,3746000000.0,58002000000.0,5949000000.0,19917000000.0,15569000000.0,92286000000.0,114760000000.0,121059000000.0,480000000.0,5667000000.0,8984000000.0,17702000000.0,8718000000.0,5263000000.0,2771000000.0,3244000000.0,2611000000.0,6213000000.0,116000000.0,-667000000.0,116000000.0,783000000.0,914000000.0,-243000000.0,,1300000000.0,4699000000.0,234000000.0,,4481000000.0,4310000000.0,5482000000.0,6782000000.0,4465000000.0,6714000000.0,280000000.0,,,,1755000000.0,651000000.0,,,4473000000.0,-2057000000.0,-4636000000.0,-2250000000.0,0.0,0.0,,2380000000.0,2380000000.0,,,,,0.0,,,
