fiscal_date_ending,total_assets,total_current_assets,cash_and_cash_equivalents,cash_and_short_term_investments,inventory,current_net_receivables,total_non_current_assets,property_plant_equipment,accumulated_depreciation_amortization_ppe,intangible_assets,intangible_assets_excluding_goodwill,goodwill,investments,long_term_investments,short_term_investments,other_current_assets,other_non_current_assets,total_liabilities,total_current_liabilities,current_accounts_payable,deferred_revenue,current_debt,short_term_debt,total_non_current_liabilities,capital_lease_obligations,long_term_debt,current_long_term_debt,long_term_debt_non_current,short_long_term_debt_total,other_current_liabilities,other_non_current_liabilities,total_shareholder_equity,treasury_stock,retained_earnings,common_stock,common_stock_shares_outstanding,gross_profit,total_revenue,cost_of_revenue,cost_of_goods_and_services_sold,operating_income,selling_general_and_administrative,research_and_development,operating_expenses,investment_income_net,net_interest_income,interest_income,interest_expense,non_interest_income,other_non_operating_income,depreciation,depreciation_and_amortization,income_before_tax,income_tax_expense,interest_and_debt_expense,net_income_from_continuing_operations,comprehensive_income_net_of_tax,ebit,ebitda,net_income,operating_cashflow,payments_for_operating_activities,proceeds_from_operating_activities,change_in_operating_liabilities,change_in_operating_assets,depreciation_depletion_and_amortization,capital_expenditures,change_in_receivables,change_in_inventory,profit_loss,cashflow_from_investment,cashflow_from_financing,proceeds_from_repayments_of_short_term_debt,payments_for_repurchase_of_common_stock,payments_for_repurchase_of_equity,payments_for_repurchase_of_preferred_stock,dividend_payout,dividend_payout_common_stock,dividend_payout_preferred_stock,proceeds_from_issuance_of_common_stock,proceeds_from_issuance_of_long_term_debt_and_capital_securities_net,proceeds_from_issuance_of_preferred_stock,proceeds_from_repurchase_of_equity,proceeds_from_sale_of_treasury_stock,change_in_cash_and_cash_equivalents,change_in_exchange_rate
2004-09-30,,,,,,,,,,,,,,,,,,,,,,,,,,,,,,,,,,,,979145978.0,11620401000.0,11620401000.0,,,11620401000.0,,,,,,,,,,,,,396460740.0,,,,,11620401000.0,-396460740.0,,,,,,,,,,,,,,,,,,,,,,,,,,
2004-12-31,57243000000.0,38859000000.0,3164000000.0,3164000000.0,15617000000.0,,18384000000.0,,,,,,,,2217000000.0,26000000.0,,51486000000.0,28413000000.0,,,,9024000000.0,23073000000.0,,,,,17796000000.0,5884000000.0,,5099000000.0,,-292000000.0,4918000000.0,978346770.0,11626797000.0,11626797000.0,,,-34494203000.0,,,-46121000000.0,,,,,,,,410000000.0,,396617780.0,,,,-34904203000.0,-34494203000.0,-396617780.0,,,,,,,,,,,,,,,,,,,,,,,,,,
2005-03-31,,,,,,,,,,,,,,,,,,,,,,,,,,,,,,,,,,,,1136082983.0,11631621540.0,11631621540.0,,,11631621540.0,,,,,,,,,,,,,-354857800.0,,,,,11631621540.0,354857800.0,,,,,,,,,,,,,,,,,,,,,,,,,,
2005-06-30,,,,,,,,,,,,,,,,,,,,,,,,,,,,,,,,,,,,1136122881.0,11612575800.0,11612575800.0,,,11612575800.0,,,,,,,,,,,,,-354323970.0,,,,,11612575800.0,354323970.0,,,,,,,,,,,,,,,,,,,,,,,,,,
2005-09-30,,,,,,,,,,,,,,,,,,,,,,,,,,,,,,,,,,,,1136847710.0,11623360960.0,11623360960.0,,,11623360960.0,,,,,,,,,,,,,-354918130.0,,,,,11623360960.0,354918130.0,,,,,,,,,,,,,,,,,,,,,,,,,,
2005-12-31,62454000000.0,39788000000.0,6417000000.0,6417000000.0,7881000000.0,,22666000000.0,,,,,,,,1041000000.0,151000000.0,,53041000000.0,32938000000.0,,,,14761000000.0,20103000000.0,,,,,25761000000.0,299000000.0,,8681000000.0,,,,848495965.0,10701424820.0,10701424820.0,,,-31883575180.0,,,-42585000000.0,,,,,,,,2344000000.0,,-237153960.0,,,,-34227575180.0,-31883575180.0,237153960.0,,,,,,,,,,,,,,,,,,,,,,,,,,
2006-03-31,64522382080.0,41978158820.0,8361476350.0,8361476350.0,8626304560.0,,22544223260.0,,,3555793100.0,3555793100.0,2364478660.0,,,917411120.0,335779070.0,,54996816620.0,19424035440.0,,,,,35572781180.0,,,,,26939876540.0,7009284960.0,,8780581430.0,,,,1191206918.0,1906598110.0,12550052120.0,10643454010.0,10643454010.0,329178990.0,,330004000.0,1580719160.0,,,,,,,,753234130.0,231827810.0,80850980.0,,,,329178990.0,1082413120.0,137776670.0,608032370.0,,,,,753234130.0,631957660.0,,,,,1373641650.0,,,,,1650020.0,1650020.0,,,,,,,,
2006-06-30,62377915600.0,39169912600.0,6130105800.0,6130105800.0,8756511400.0,,23208003000.0,,,3553786600.0,3553786600.0,2285974600.0,,,348257000.0,366256800.0,,52909238200.0,24169818400.0,,,,,28739419800.0,,,,,23446696000.0,11609871000.0,,8688425200.0,,,,1271128000.0,2191280000.0,13618022600.0,11426742600.0,11426742600.0,669123000.0,,370952400.0,1526852600.0,,,,,,,,744662270.0,543124400.0,212084600.0,,,,669123000.0,1413785270.0,280953400.0,1319511430.0,,,,,744662270.0,925416340.0,,,,,-1833810450.0,,,,,13219380.0,13219380.0,,,,,,,,
2006-09-30,61153575600.0,35020094240.0,5077614240.0,5077614240.0,9018990160.0,,26133481360.0,,,6498306120.0,6498306120.0,,,,388464280.0,672129880.0,,51573557920.0,19833741160.0,,,,,31739816760.0,,,,,21369475200.0,8214483000.0,,8911827600.0,,,,1271172000.0,1763454480.0,11796549160.0,10033094680.0,10033094680.0,684737240.0,,330943200.0,1207942680.0,,,,,,,,709967520.0,327003400.0,126861560.0,,,,684737240.0,1394704760.0,194626120.0,83330120.0,,,,,709967520.0,817537440.0,,,,,-528721000.0,,,,,7981440.0,7981440.0,,,,,,,,
2006-12-31,58303000000.0,36925000000.0,7736000000.0,7736000000.0,8447000000.0,,21378000000.0,,,,,,,,637000000.0,332000000.0,,48267000000.0,26822000000.0,,,,7617000000.0,21445000000.0,,,,,20188000000.0,414000000.0,,9362000000.0,,,,1277732000.0,2087881280.0,13898029680.0,11810148400.0,11810148400.0,65493360.0,,370348320.0,1728282880.0,,,,,,,,761136080.0,541007840.0,70805280.0,,,,65493360.0,826629440.0,452755080.0,2607126080.0,,,,,761136080.0,1414088560.0,,,,,-742110200.0,,,,,149160.0,149160.0,,,,,,,,
2007-03-31,58644436080.0,37246099920.0,7270014720.0,7270014720.0,9073295760.0,,21398336160.0,,,3584853840.0,3584853840.0,2830305360.0,,,794970720.0,289692720.0,,48306822480.0,20000026080.0,,,,,28306796400.0,,,,,19616014800.0,6952625280.0,,9711817440.0,,,,1271900000.0,2196275040.0,13671699840.0,11475424800.0,11475424800.0,625047600.0,,373531440.0,1586198640.0,,,,,,,,667715520.0,574145520.0,197619840.0,,,,625047600.0,1292763120.0,357811680.0,711880560.0,,,,,667715520.0,589116720.0,,,,,-529980480.0,,,,,14971200.0,14971200.0,,,,,,,,
2007-06-30,60776391590.0,39069851450.0,7176411780.0,7176411780.0,9550079790.0,,21706540140.0,,,3627360700.0,3627360700.0,2873815300.0,,,737292460.0,273344900.0,,50190556260.0,21535884270.0,,,,,28654671990.0,,,,,19932753370.0,7585690360.0,,9937934040.0,,2950647380.0,6376323870.0,1266937000.0,2598254090.0,15178029650.0,12579775560.0,12579775560.0,958923460.0,,381205320.0,1645979560.0,,,,,,,,675368340.0,874703680.0,248226720.0,,,,958923460.0,1634291800.0,593232310.0,1576828900.0,,,,,675368340.0,838925690.0,,,,,-197707970.0,,,,,293095890.0,293095890.0,,,,,,,,
2007-09-30,58495000000.0,37140000000.0,5060000000.0,5060000000.0,9770000000.0,,21355000000.0,,,,,,,,898000000.0,230000000.0,,47842000000.0,20663000000.0,,,,,27179000000.0,,,,,18331000000.0,7456000000.0,,9996000000.0,,,,1264105000.0,2272000000.0,13858000000.0,11586000000.0,11586000000.0,1022000000.0,,349000000.0,1527000000.0,,,,355000000.0,,,,641916140.0,622000000.0,168000000.0,,,,1022000000.0,1663916140.0,432000000.0,235290540.0,,,,,641916140.0,866957590.0,,,,,-1535311550.0,,,,,1932910.0,1932910.0,,,,,-162756700.0,,,
2007-12-31,60136000000.0,37824000000.0,6639000000.0,6639000000.0,9990000000.0,,22312000000.0,,,,,,,,1016000000.0,83000000.0,,48857000000.0,29169000000.0,,,,7018000000.0,19688000000.0,,,,,17951000000.0,223000000.0,,10606000000.0,,,,1266794000.0,2538000000.0,15816000000.0,13278000000.0,13278000000.0,1113000000.0,,432000000.0,1903000000.0,,,,444000000.0,,,,753000000.0,702000000.0,105000000.0,,,,1113000000.0,1866000000.0,570000000.0,3385000000.0,,,,,753000000.0,1690000000.0,,,,,-112000000.0,,,,,322000000.0,322000000.0,,,,,-18000000.0,,,
2008-03-31,58540000000.0,36424000000.0,4530000000.0,4530000000.0,10570000000.0,,22116000000.0,,,6328000000.0,6328000000.0,,,,,1116000000.0,,47947000000.0,22413000000.0,,,,,25534000000.0,,,,,17362000000.0,7821000000.0,,10593000000.0,,,,1250203000.0,2408000000.0,15025000000.0,12617000000.0,12617000000.0,842000000.0,,383000000.0,2503000000.0,,,,210000000.0,,,,707000000.0,636000000.0,209000000.0,,,,842000000.0,1549000000.0,427000000.0,-488000000.0,,,,,707000000.0,0.0,,,,,-103000000.0,,,,,9000000.0,9000000.0,,,,,,,,
2008-06-30,61915000000.0,38798000000.0,4408000000.0,4408000000.0,11629000000.0,,23117000000.0,,,3840000000.0,3840000000.0,2650000000.0,,,,913000000.0,,50376000000.0,24187000000.0,,,,,26189000000.0,,,,,17637000000.0,8076000000.0,,11539000000.0,,,,1248053000.0,3003000000.0,16967000000.0,13964000000.0,13964000000.0,1187000000.0,,416000000.0,2906000000.0,,,,231000000.0,,,,728000000.0,955000000.0,309000000.0,,,,1187000000.0,1915000000.0,646000000.0,2287000000.0,,,,,728000000.0,0.0,,,,,-567000000.0,,,,,535000000.0,535000000.0,,,,,,,,
2008-09-30,61693000000.0,37842000000.0,2972000000.0,2972000000.0,12278000000.0,,23851000000.0,,,6768000000.0,6768000000.0,,,,,694000000.0,,49692000000.0,22308000000.0,,,,,27384000000.0,,,,,18807000000.0,8047000000.0,,12001000000.0,,,,1244973000.0,2399000000.0,14296000000.0,11897000000.0,11897000000.0,839000000.0,,348000000.0,1626000000.0,,,,161000000.0,,,,733000000.0,675000000.0,207000000.0,,,,839000000.0,1572000000.0,468000000.0,-1459000000.0,,,,,733000000.0,0.0,,,,,815000000.0,,,,,1000000.0,1000000.0,,,,,584000000.0,,,
2008-12-31,61772000000.0,36929000000.0,3683000000.0,3683000000.0,11346000000.0,,24843000000.0,,,,,,,,967000000.0,37000000.0,,50671000000.0,30547000000.0,,,,9569000000.0,20124000000.0,,,,,21379000000.0,7219000000.0,,10354000000.0,,4661000000.0,6377000000.0,1240648000.0,2147000000.0,13092000000.0,10945000000.0,10945000000.0,431000000.0,,350000000.0,1688000000.0,,,,345000000.0,,,,733000000.0,-79000000.0,-259000000.0,,,,431000000.0,1164000000.0,71000000.0,44000000.0,,,,,733000000.0,2342000000.0,,,,,2982000000.0,,,,,1000000.0,1000000.0,,,,,,,,
2009-03-31,62788000000.0,37997000000.0,4941000000.0,4941000000.0,11477000000.0,,24791000000.0,,,,,,,,859000000.0,2458000000.0,,52199000000.0,20590000000.0,,,,,31609000000.0,,,,,23372000000.0,7652000000.0,,10589000000.0,,,,1236884000.0,1389000000.0,11268000000.0,9879000000.0,9879000000.0,-148000000.0,,340000000.0,1516000000.0,,,,210000000.0,,,,679000000.0,-360000000.0,51000000.0,,,,-148000000.0,531000000.0,-410000000.0,206000000.0,,,,,679000000.0,664000000.0,,,,,1445000000.0,,,,,,,,,,,,,,
2009-06-30,63488000000.0,38606000000.0,6222000000.0,6222000000.0,10501000000.0,,24882000000.0,,,,,,,,741000000.0,1014000000.0,,52724000000.0,20474000000.0,,,,,32250000000.0,,,,,23939000000.0,7877000000.0,,10764000000.0,,,,1238001000.0,1779000000.0,13184000000.0,11405000000.0,11405000000.0,290000000.0,,321000000.0,1489000000.0,,,,161000000.0,,,,703000000.0,-16000000.0,163000000.0,,,,290000000.0,993000000.0,-168000000.0,1415000000.0,,,,,703000000.0,748000000.0,,,,,631000000.0,,,,,25000000.0,25000000.0,,,,,,,,
2009-09-30,,,,,,,,,,,,,,,,,,,,,,,,,,,,,,,,,,,,1238597000.0,1682000000.0,12049000000.0,10367000000.0,10367000000.0,298000000.0,,308000000.0,1343000000.0,,,,164000000.0,,,,682000000.0,128000000.0,103000000.0,,,,298000000.0,980000000.0,21000000.0,355000000.0,,,,,682000000.0,0.0,,,,,1923000000.0,,,,,1000000.0,1000000.0,,,,,,,,
2009-12-31,67235000000.0,41669000000.0,12226000000.0,12226000000.0,8748000000.0,,25566000000.0,,,,,,,,46000000.0,3631000000.0,,56120000000.0,29620000000.0,,,,10611000000.0,26500000000.0,,,,,28527000000.0,6337000000.0,,10301000000.0,,,,1236884000.0,1991000000.0,13601000000.0,11610000000.0,11610000000.0,237000000.0,,429000000.0,2161000000.0,,,,218000000.0,,,,609000000.0,-119000000.0,164000000.0,,,,237000000.0,846000000.0,-281000000.0,2625000000.0,,,,,609000000.0,0.0,,,,,2282000000.0,,,,,1000000.0,1000000.0,,,,,,,,
2010-03-31,68027000000.0,41895000000.0,11635000000.0,11635000000.0,9012000000.0,,26132000000.0,,,,,,,,936000000.0,-666000000.0,,56570000000.0,19666000000.0,,,,,36904000000.0,,,,,28300000000.0,7592000000.0,,10595000000.0,,,,1053679000.0,1832000000.0,12926000000.0,11094000000.0,11094000000.0,409000000.0,,338000000.0,1453000000.0,,,,250000000.0,,,,680000000.0,157000000.0,178000000.0,,,,409000000.0,1089000000.0,-25000000.0,414000000.0,,,,,680000000.0,696000000.0,,,,,-1130000000.0,,,,,,,,,,,,,,
2010-06-30,73475000000.0,46350000000.0,13339000000.0,13339000000.0,9319000000.0,,27125000000.0,,,,,,,,763000000.0,2712000000.0,,61402000000.0,20852000000.0,,,,,40550000000.0,,,,,31504000000.0,7771000000.0,,11136000000.0,,,,1236884000.0,2304000000.0,14836000000.0,12532000000.0,12532000000.0,651000000.0,,365000000.0,1653000000.0,,,,301000000.0,,,,717000000.0,374000000.0,261000000.0,,,,651000000.0,1368000000.0,90000000.0,2320000000.0,,,,,717000000.0,812000000.0,,,,,1068000000.0,,,,,,,,,,,,,,
2010-09-30,70403000000.0,43905000000.0,13313000000.0,13313000000.0,8979000000.0,,26498000000.0,,,,,,,,249000000.0,2439000000.0,,58564000000.0,19547000000.0,,,,,39017000000.0,,,,,22042000000.0,7691000000.0,,10971000000.0,,,,1242825000.0,2092000000.0,13479000000.0,11387000000.0,11387000000.0,586000000.0,,349000000.0,1506000000.0,,,,181000000.0,,,,718000000.0,435000000.0,245000000.0,,,,586000000.0,1304000000.0,170000000.0,510000000.0,,,,,718000000.0,0.0,,,,,189000000.0,,,,,1000000.0,1000000.0,,,,,,,,
2010-12-31,73442000000.0,56140000000.0,11967000000.0,11967000000.0,4443000000.0,,17302000000.0,,,,,,,,735000000.0,1528000000.0,,60981000000.0,45812000000.0,,,,10694000000.0,15169000000.0,,,,,20804000000.0,25592000000.0,,11544000000.0,,,,1245874000.0,-1066000000.0,-5361000000.0,-4295000000.0,-4295000000.0,217000000.0,,39000000.0,-564000000.0,,,,362000000.0,,,,71000000.0,-260000000.0,-200000000.0,,,,217000000.0,288000000.0,285000000.0,2866000000.0,,,,,71000000.0,0.0,,,,,784000000.0,,,,,1000000.0,1000000.0,,,,,,,,
2011-03-31,43399000000.0,25920000000.0,13415000000.0,13415000000.0,4811000000.0,,17479000000.0,,,,,,,,224000000.0,1398000000.0,,35681000000.0,14123000000.0,,,,,21558000000.0,,,,,16398000000.0,4744000000.0,,7538000000.0,,,,1248497000.0,1301000000.0,9210000000.0,7909000000.0,7909000000.0,295000000.0,,278000000.0,1050000000.0,,,,138000000.0,,,,550000000.0,153000000.0,116000000.0,,,,295000000.0,845000000.0,29000000.0,408000000.0,,,,,550000000.0,503000000.0,,,,,1325000000.0,,,,,2000000.0,2000000.0,,,,,556000000.0,,,
2011-06-30,78479000000.0,38119000000.0,19056000000.0,19056000000.0,8854000000.0,,40360000000.0,,,,,,,,837000000.0,1920000000.0,,66504000000.0,25618000000.0,,,,,40886000000.0,,,,,26137000000.0,9989000000.0,,8776000000.0,,,,1249174000.0,2002000000.0,13153000000.0,11151000000.0,11151000000.0,1621000000.0,,332000000.0,1477000000.0,,,,230000000.0,,,,735000000.0,1361000000.0,124000000.0,,,,1621000000.0,2356000000.0,1308000000.0,2147000000.0,,,,,735000000.0,1004000000.0,,,,,-105000000.0,,,,,172000000.0,172000000.0,,,,,,,,
2011-09-30,78902000000.0,37227000000.0,17853000000.0,17853000000.0,9464000000.0,,41675000000.0,,,,,,,,795000000.0,1899000000.0,,67140000000.0,23573000000.0,,,,,43567000000.0,,,,,26949000000.0,8782000000.0,,8564000000.0,,,,1237316000.0,2746000000.0,17552000000.0,14806000000.0,14806000000.0,885000000.0,,416000000.0,1891000000.0,,,,,,,,1023000000.0,282000000.0,170000000.0,,,,885000000.0,1908000000.0,-46000000.0,-173000000.0,,,,,1023000000.0,1563000000.0,,,,,286000000.0,,,,,1000000.0,1000000.0,,,,,,,,
2011-12-31,80031000000.0,36554000000.0,17526000000.0,17526000000.0,9123000000.0,,43477000000.0,,,,,,,,789000000.0,2088000000.0,,67771000000.0,30688000000.0,,,,6073000000.0,37083000000.0,,,,,26772000000.0,7967000000.0,,8727000000.0,,,,1244108000.0,2806000000.0,19644000000.0,16838000000.0,16838000000.0,112000000.0,,341000000.0,3138000000.0,,,,,,,,1050000000.0,389000000.0,124000000.0,,,,112000000.0,1162000000.0,43000000.0,2813000000.0,,,,,1050000000.0,2458000000.0,,,,,-874000000.0,,,,,6000000.0,6000000.0,,,,,14000000.0,,,
2012-03-31,81027000000.0,38236000000.0,18293000000.0,18293000000.0,9687000000.0,,42791000000.0,,,,,,,,814000000.0,2214000000.0,,68781000000.0,24863000000.0,,,,,43918000000.0,,,,,27808000000.0,8057000000.0,,8929000000.0,,,,1246258000.0,2989000000.0,20221000000.0,17232000000.0,17232000000.0,855000000.0,,461000000.0,2123000000.0,,,,,,,,1034000000.0,520000000.0,141000000.0,,,,855000000.0,1889000000.0,104000000.0,1206000000.0,,,,,1034000000.0,1581000000.0,,,,,1333000000.0,,,,,,,,,,,,,,
2012-06-30,84768000000.0,40107000000.0,19564000000.0,19564000000.0,10156000000.0,,44661000000.0,,,,,,,,761000000.0,2158000000.0,,71858000000.0,26611000000.0,,,,,45247000000.0,,,,,28544000000.0,9091000000.0,,9143000000.0,,,,1215825060.0,3121000000.0,21524000000.0,18403000000.0,18403000000.0,1085000000.0,,447000000.0,2111000000.0,,,,499000000.0,,,,1041000000.0,532000000.0,174000000.0,,,,1085000000.0,2126000000.0,103000000.0,2166000000.0,,,,,1041000000.0,1668000000.0,,,,,309000000.0,,,,,56000000.0,56000000.0,,,,,593000000.0,,,
2012-09-30,81685000000.0,36724000000.0,16851000000.0,16851000000.0,10009000000.0,,44961000000.0,,,4047000000.0,4047000000.0,1487000000.0,,,713000000.0,2231000000.0,,68722000000.0,25697000000.0,,,,,43025000000.0,,,,,26818000000.0,8818000000.0,,9069000000.0,,9597000000.0,355000000.0,1215825000.0,3123000000.0,20437000000.0,17314000000.0,17314000000.0,862000000.0,,467000000.0,2252000000.0,,,,,,,,1030000000.0,481000000.0,195000000.0,,,,862000000.0,1892000000.0,39000000.0,792000000.0,,,,,1030000000.0,2029000000.0,,208000000.0,,,-1425000000.0,,,,,2000000.0,2000000.0,,,,,733000000.0,,,
2012-12-31,82119000000.0,36642000000.0,17657000000.0,17657000000.0,9295000000.0,,45477000000.0,,,9054000000.0,9054000000.0,10230000000.0,,,807000000.0,2163000000.0,,68946000000.0,30381000000.0,,,,5811000000.0,38565000000.0,,,,,27889000000.0,7834000000.0,,9059000000.0,,9597000000.0,355000000.0,1227629000.0,3250000000.0,21775000000.0,18525000000.0,18525000000.0,1440000000.0,,460000000.0,2183000000.0,,,,,,,,1029000000.0,503000000.0,115000000.0,,,,1440000000.0,2469000000.0,102000000.0,2280000000.0,,,,,1029000000.0,2256000000.0,,208000000.0,,,1426000000.0,,,,,,,,,,,,,,
2013-03-31,85666000000.0,38806000000.0,18112000000.0,18112000000.0,10069000000.0,,46860000000.0,,,9561000000.0,9561000000.0,10516000000.0,,,697000000.0,2550000000.0,,77030000000.0,27191000000.0,,,,3035000000.0,49839000000.0,,,,,29041000000.0,6248000000.0,,6245000000.0,,9170000000.0,355000000.0,1220588235.0,2733000000.0,19757000000.0,17024000000.0,17024000000.0,694000000.0,,486000000.0,2115000000.0,,,,494000000.0,,,,1051000000.0,160000000.0,129000000.0,,,,694000000.0,1745000000.0,-83000000.0,1125000000.0,,,,,1051000000.0,1569000000.0,,-75000000.0,,,699000000.0,,,,,1000000.0,1000000.0,,,,,,,,
2013-06-30,86169000000.0,39592000000.0,17758000000.0,17758000000.0,10948000000.0,,46577000000.0,,,4113000000.0,4113000000.0,1489000000.0,,,834000000.0,2381000000.0,,76827000000.0,28760000000.0,,,,3035000000.0,48067000000.0,,,,,28506000000.0,7181000000.0,,6449000000.0,,9170000000.0,355000000.0,1228758000.0,3260000000.0,22325000000.0,19065000000.0,19065000000.0,1008000000.0,,570000000.0,2231000000.0,,,,502000000.0,,,,1142000000.0,555000000.0,120000000.0,,,,1008000000.0,2150000000.0,142000000.0,2209000000.0,,,,,1142000000.0,1906000000.0,,-75000000.0,,,210000000.0,,,,,,,,,,,,,,
2013-09-30,85126000000.0,38627000000.0,16827000000.0,16827000000.0,11476000000.0,,46499000000.0,,,9696000000.0,9696000000.0,10055000000.0,,,822000000.0,2421000000.0,,75897000000.0,27670000000.0,,,,3149000000.0,48227000000.0,,,,,28984000000.0,7061000000.0,,6217000000.0,,8505000000.0,355000000.0,1215921000.0,2929000000.0,20733000000.0,17804000000.0,17804000000.0,817000000.0,,555000000.0,2113000000.0,,,,489000000.0,,,,1153000000.0,367000000.0,178000000.0,,,,817000000.0,1970000000.0,-15000000.0,431000000.0,,,,,1153000000.0,1787000000.0,,259500000.0,,,797000000.0,,,,,,,,,,,,,,
2013-12-31,86774000000.0,39163000000.0,19439000000.0,19439000000.0,10230000000.0,,47611000000.0,,,9670000000.0,9670000000.0,9839000000.0,,,282000000.0,2302000000.0,,74190000000.0,33651000000.0,,,,7138000000.0,40539000000.0,,,,,29902000000.0,9066000000.0,,8326000000.0,,4721000000.0,4477000000.0,1229052000.0,3324000000.0,24001000000.0,20677000000.0,20677000000.0,1202000000.0,,620000000.0,2393000000.0,,,,734000000.0,,,,1228000000.0,-74000000.0,-1370000000.0,,,,1202000000.0,2430000000.0,860000000.0,3824000000.0,,,,,1228000000.0,2178000000.0,,259500000.0,,,1482000000.0,,,,,,,,,,,,,,
2014-03-31,87599000000.0,39221000000.0,17500000000.0,17500000000.0,11116000000.0,,48378000000.0,,,7264000000.0,7264000000.0,12443000000.0,,,790000000.0,2521000000.0,,77810000000.0,28454000000.0,,,,3985000000.0,49356000000.0,,,,,31439000000.0,6269000000.0,,9462000000.0,,9629000000.0,783000000.0,1216148000.0,2888000000.0,22125000000.0,19237000000.0,19237000000.0,1221000000.0,,626000000.0,2266000000.0,,,,493000000.0,,,,1168000000.0,-446000000.0,-127000000.0,,,,1221000000.0,2389000000.0,-335000000.0,1396000000.0,,,,,1168000000.0,1443000000.0,,,,,-1669000000.0,,,,,627000000.0,627000000.0,,,,,4851000000.0,,,
2014-06-30,90769000000.0,41328000000.0,18515000000.0,18515000000.0,12202000000.0,,49441000000.0,,,7650000000.0,7650000000.0,12553000000.0,,,627000000.0,25317000000.0,,80879000000.0,30045000000.0,,,,3985000000.0,50834000000.0,,,,,31996000000.0,7387000000.0,,9542000000.0,,9629000000.0,4478000000.0,1230776000.0,3227000000.0,23328000000.0,20101000000.0,20101000000.0,1004000000.0,,601000000.0,2306000000.0,,,,561000000.0,,,,1191000000.0,455000000.0,258000000.0,,,,1004000000.0,2195000000.0,175000000.0,2382000000.0,,,,,1191000000.0,1790000000.0,,173000000.0,,,294000000.0,,,,,627000000.0,627000000.0,,,,,999000000.0,,,
2014-09-30,94396000000.0,41746000000.0,18395000000.0,18395000000.0,12978000000.0,,52650000000.0,,,8263000000.0,8263000000.0,13550000000.0,,,604000000.0,24866000000.0,,83683000000.0,30785000000.0,,,,2814000000.0,52898000000.0,,,,,32933000000.0,9125000000.0,,10413000000.0,,9053000000.0,783000000.0,1229446000.0,3197000000.0,23553000000.0,20356000000.0,20356000000.0,1526000000.0,,598000000.0,2271000000.0,,,,,,,,1240000000.0,415000000.0,227000000.0,,,,1526000000.0,2766000000.0,174000000.0,472000000.0,,,,,1240000000.0,2117000000.0,,635500000.0,,,298000000.0,,,,,,,,,,,,,,
2014-12-31,100510000000.0,45574000000.0,22840000000.0,22840000000.0,12467000000.0,,54936000000.0,,,11788000000.0,11788000000.0,11059000000.0,,,246000000.0,24866000000.0,,86772000000.0,39405000000.0,,,,7710000000.0,47367000000.0,,,,,33724000000.0,11589000000.0,,13425000000.0,,9053000000.0,17000000.0,1245881000.0,3632000000.0,27084000000.0,23452000000.0,23452000000.0,-673000000.0,,712000000.0,2581000000.0,,,,1054000000.0,,,,1298000000.0,529000000.0,109000000.0,,,,-673000000.0,625000000.0,408000000.0,3919000000.0,,,,,1298000000.0,2771000000.0,,635500000.0,,,3214000000.0,,,,,15000000.0,15000000.0,,,,,,,,
2015-03-31,106978000000.0,47660000000.0,21669000000.0,21669000000.0,12624000000.0,,59318000000.0,,,9568000000.0,9568000000.0,15753000000.0,,,1538000000.0,2250000000.0,,91743000000.0,34423000000.0,,,,2794000000.0,57320000000.0,,,,,33366000000.0,9153000000.0,,14893000000.0,,9728000000.0,805000000.0,1508310000.0,3417000000.0,26396000000.0,22979000000.0,22979000000.0,847000000.0,,727000000.0,2671000000.0,,,,663000000.0,,,,1397000000.0,186000000.0,94000000.0,,,,847000000.0,2244000000.0,78000000.0,958000000.0,,,,,1397000000.0,2078000000.0,,-235500000.0,,,-1744000000.0,,,,,,,,,,,,,,
2015-06-30,105795000000.0,47102000000.0,21117000000.0,21117000000.0,12283000000.0,,58693000000.0,,,9776000000.0,9776000000.0,15183000000.0,,,1164000000.0,5517000000.0,,90758000000.0,35253000000.0,,,,2794000000.0,55505000000.0,,,,,32298000000.0,9771000000.0,,14678000000.0,,9728000000.0,805000000.0,1511083000.0,4149000000.0,29228000000.0,25079000000.0,25079000000.0,2015000000.0,,732000000.0,2838000000.0,,,,,,,,1425000000.0,721000000.0,388000000.0,,,,2015000000.0,3440000000.0,320000000.0,3111000000.0,,,,,1425000000.0,2215000000.0,,-235500000.0,,,-767000000.0,,,,,,,,,,,,,,
2015-09-30,103551000000.0,45804000000.0,20177000000.0,20177000000.0,12162000000.0,,57747000000.0,,,9857000000.0,9857000000.0,15166000000.0,,,1417000000.0,5228000000.0,,88997000000.0,33667000000.0,,,,3215000000.0,55330000000.0,,,,,31175000000.0,8616000000.0,,14197000000.0,,10090000000.0,808000000.0,1511370000.0,2975000000.0,27468000000.0,24493000000.0,24493000000.0,336000000.0,,749000000.0,2627000000.0,,,,620000000.0,,,,1423000000.0,-260000000.0,39000000.0,,,,336000000.0,1759000000.0,-306000000.0,1404000000.0,,,,,1423000000.0,2176000000.0,,228500000.0,,,64000000.0,,,,,21000000.0,21000000.0,,,,,,,,
2015-12-31,105040000000.0,47089000000.0,20662000000.0,20662000000.0,11351000000.0,,57951000000.0,,,13239000000.0,13239000000.0,11497000000.0,,,530000000.0,1881000000.0,,88785000000.0,43619000000.0,,,,7368000000.0,45166000000.0,,,,,27786000000.0,14559000000.0,,16092000000.0,,-1117000000.0,17000000.0,1525206000.0,2434000000.0,27503000000.0,25069000000.0,25069000000.0,720000000.0,,656000000.0,2304000000.0,,,,878000000.0,,,,1169000000.0,-388000000.0,-355000000.0,,,,720000000.0,1889000000.0,242000000.0,4278000000.0,,,,,1169000000.0,2350000000.0,,228500000.0,,,-681000000.0,,,,,245000000.0,245000000.0,,,,,2475000000.0,,,
2016-03-31,98444000000.0,41211000000.0,17963000000.0,17963000000.0,11383000000.0,,57233000000.0,,,10064000000.0,10064000000.0,14150000000.0,,,1203000000.0,1873000000.0,,82315000000.0,31762000000.0,,,,1923000000.0,50553000000.0,,,,,26555000000.0,8875000000.0,,15954000000.0,,,810000000.0,1540451000.0,3767000000.0,26570000000.0,22803000000.0,22803000000.0,1302000000.0,,759000000.0,2515000000.0,,,,480000000.0,,,,1417000000.0,795000000.0,317000000.0,,,,1302000000.0,2719000000.0,472000000.0,770000000.0,,,,,1417000000.0,1821000000.0,,-305000000.0,,,-1186000000.0,,,,,,,,,,,,,,
2016-06-30,102138000000.0,42644000000.0,18144000000.0,18144000000.0,12069000000.0,,59494000000.0,,,10509000000.0,10509000000.0,14508000000.0,,,1109000000.0,5420000000.0,,85369000000.0,34320000000.0,,,,1923000000.0,51049000000.0,,,,,25374000000.0,9989000000.0,,16575000000.0,,,810000000.0,1560707000.0,3739000000.0,27893000000.0,24154000000.0,24154000000.0,1086000000.0,,806000000.0,2703000000.0,,,,412000000.0,,,,1549000000.0,569000000.0,248000000.0,,,,1086000000.0,2635000000.0,311000000.0,3883000000.0,,,,,1549000000.0,2052000000.0,,-305000000.0,,,-1804000000.0,,,,,,,,,,,,,,
2016-09-30,100718000000.0,41012000000.0,16626000000.0,16626000000.0,12537000000.0,,59706000000.0,,,10800000000.0,10800000000.0,14432000000.0,,,977000000.0,2028000000.0,,83311000000.0,32919000000.0,,,,1638000000.0,50392000000.0,,,,,25292000000.0,9966000000.0,,17227000000.0,,13730000000.0,860000000.0,1565634000.0,3865000000.0,26836000000.0,22971000000.0,22971000000.0,1309000000.0,,789000000.0,2613000000.0,,,,492000000.0,,,,1496000000.0,813000000.0,207000000.0,,,,1309000000.0,2805000000.0,608000000.0,869000000.0,,,,,1496000000.0,2021000000.0,,122500000.0,,,-239000000.0,,,,,,,,,,,,,,
2016-12-31,104343000000.0,39722000000.0,17318000000.0,17318000000.0,12121000000.0,,64621000000.0,,,14827000000.0,14827000000.0,11817000000.0,,,290000000.0,1533000000.0,,84990000000.0,40152000000.0,,,,7937000000.0,44838000000.0,,,,,24048000000.0,9324000000.0,,19168000000.0,,13730000000.0,19000000.0,1515668000.0,4352000000.0,29719000000.0,25367000000.0,25367000000.0,1444000000.0,,920000000.0,3011000000.0,,,,185000000.0,,,,1494000000.0,929000000.0,520000000.0,,,,1444000000.0,2938000000.0,412000000.0,5072000000.0,,,,,1494000000.0,2921000000.0,,122500000.0,,,-1898000000.0,,,,,123000.0,123000.0,,,,,,,,
2017-03-31,102376000000.0,37426000000.0,13910000000.0,13910000000.0,13118000000.0,,64950000000.0,,,11686000000.0,11686000000.0,15010000000.0,,,660000000.0,1673000000.0,,82313000000.0,38979000000.0,,,,6372000000.0,43334000000.0,,,,,21156000000.0,8910000000.0,,19869000000.0,,13184000000.0,905000000.0,1551534000.0,4131000000.0,27719000000.0,23588000000.0,23588000000.0,1490000000.0,,846000000.0,2687000000.0,,,,416000000.0,,,,1600000000.0,1069000000.0,428000000.0,,,,1490000000.0,3090000000.0,637000000.0,1577000000.0,,,,,1600000000.0,2231000000.0,,-262500000.0,,,-2970000000.0,,,,,,,,,,,,,,
2017-06-30,97481000000.0,36117000000.0,12306000000.0,12306000000.0,12781000000.0,,61364000000.0,,,11403000000.0,11403000000.0,14067000000.0,,,584000000.0,2405000000.0,,77428000000.0,37459000000.0,,,,5200000000.0,39969000000.0,,,,,19140000000.0,9341000000.0,,19877000000.0,,13184000000.0,19000000.0,1553791000.0,4430000000.0,27925000000.0,23495000000.0,23495000000.0,2612000000.0,,854000000.0,1865000000.0,,,,368000000.0,,,,1513000000.0,2307000000.0,1152000000.0,,,,2612000000.0,4125000000.0,1145000000.0,2941000000.0,,,,,1513000000.0,2206000000.0,,-262500000.0,,,-1403000000.0,,,,,,,,,,,,,,
2017-09-30,96830000000.0,36275000000.0,11753000000.0,11753000000.0,13704000000.0,,60555000000.0,,,14417000000.0,14417000000.0,10560000000.0,,,593000000.0,2145000000.0,,76369000000.0,38423000000.0,,,,6509000000.0,37946000000.0,,,,,18640000000.0,9495000000.0,,20304000000.0,,14357000000.0,19000000.0,1558936000.0,4134000000.0,26414000000.0,22280000000.0,22280000000.0,1679000000.0,,781000000.0,2493000000.0,,,,315000000.0,,,,1411000000.0,1440000000.0,530000000.0,,,,1679000000.0,3090000000.0,911000000.0,2051000000.0,,,,,1411000000.0,2045000000.0,,237500000.0,,,-184000000.0,,,,,,,,,,,-68500000.0,,,
2017-12-31,96299000000.0,36274000000.0,12638000000.0,12638000000.0,12922000000.0,,60025000000.0,,,14536000000.0,14536000000.0,10396000000.0,,,222000000.0,1748000000.0,,75312000000.0,38260000000.0,,,,7245000000.0,37052000000.0,,,,,17971000000.0,8886000000.0,,20819000000.0,,14357000000.0,19000000.0,1565003000.0,4264000000.0,28876000000.0,24612000000.0,24612000000.0,1861000000.0,,749000000.0,2675000000.0,,,,147000000.0,,,,1366000000.0,1345000000.0,541000000.0,,,,1861000000.0,3227000000.0,798000000.0,3816000000.0,,,,,1366000000.0,2184000000.0,,237500000.0,,,84000000.0,,,,,102000.0,102000.0,,,,,-68500000.0,,,
2018-03-31,95626000000.0,36981000000.0,11579000000.0,11579000000.0,13731000000.0,,58645000000.0,,,14386000000.0,14386000000.0,10122000000.0,,,533000000.0,1860000000.0,,73922000000.0,37528000000.0,,,,5655000000.0,36394000000.0,,,,,16242000000.0,8660000000.0,,21523000000.0,,15380000000.0,905000000.0,1566402000.0,3970000000.0,27027000000.0,23057000000.0,23057000000.0,1523000000.0,,874000000.0,2498000000.0,,,,304000000.0,,,,1545000000.0,1247000000.0,226000000.0,,,,1523000000.0,3068000000.0,1016000000.0,2348000000.0,,,,,1545000000.0,1356000000.0,,-112500000.0,,,-1390000000.0,,,,,,,,,,,-2500000.0,,,
2018-06-30,99537000000.0,39855000000.0,13243000000.0,13243000000.0,14073000000.0,,59682000000.0,,,14899000000.0,14899000000.0,10692000000.0,,,779000000.0,2449000000.0,,76864000000.0,39495000000.0,,,,5916000000.0,37369000000.0,,,,,16362000000.0,9427000000.0,,22485000000.0,,15380000000.0,905000000.0,1568497000.0,4021000000.0,28993000000.0,24972000000.0,24972000000.0,1413000000.0,,850000000.0,2652000000.0,,,,300000000.0,,,,1491000000.0,1149000000.0,395000000.0,,,,1413000000.0,2904000000.0,748000000.0,2836000000.0,,,,,1491000000.0,1319000000.0,,-112500000.0,,,78000000.0,,,,,,,,,,,-2500000.0,,,
2018-09-30,98158000000.0,40921000000.0,11418000000.0,11418000000.0,13137000000.0,,57237000000.0,,,14577000000.0,14577000000.0,10716000000.0,,,808000000.0,2325000000.0,,75099000000.0,47848000000.0,,,,4805000000.0,27251000000.0,,,,,15202000000.0,21987000000.0,,22868000000.0,,16795000000.0,905000000.0,1568788000.0,4010000000.0,27594000000.0,23584000000.0,23584000000.0,1077000000.0,,705000000.0,2996000000.0,,,,278000000.0,,,,1139000000.0,791000000.0,277000000.0,,,,1077000000.0,2216000000.0,557000000.0,779000000.0,,,,,1139000000.0,1110000000.0,,296500000.0,,,-696000000.0,,,,,,,,,,,-21500000.0,,,
2018-12-31,96873000000.0,38292000000.0,12450000000.0,12450000000.0,10694000000.0,,58581000000.0,,,14885000000.0,14885000000.0,10834000000.0,,,332000000.0,1707000000.0,,71970000000.0,35991000000.0,,,,5861000000.0,35979000000.0,,,,,14528000000.0,10240000000.0,,24702000000.0,,16795000000.0,19000000.0,1568253000.0,3891000000.0,29474000000.0,25583000000.0,25583000000.0,1441000000.0,,802000000.0,2512000000.0,,,,97000000.0,,,,1332000000.0,1081000000.0,-90000000.0,,,,1441000000.0,2773000000.0,1287000000.0,3985000000.0,,,,,1332000000.0,1607000000.0,,296500000.0,,,-777000000.0,,,,,75000.0,75000.0,,,,,-21500000.0,,,
2019-03-31,99612000000.0,38534000000.0,11904000000.0,11904000000.0,11591000000.0,,61078000000.0,,,15374000000.0,15374000000.0,11070000000.0,,,589000000.0,1716000000.0,,73706000000.0,36500000000.0,,,,5525000000.0,37206000000.0,,,,,15009000000.0,10282000000.0,,25703000000.0,,17937000000.0,905000000.0,1569868000.0,3300000000.0,24481000000.0,21181000000.0,21181000000.0,1160000000.0,,673000000.0,2190000000.0,,,,301000000.0,,,,1383000000.0,720000000.0,212000000.0,,,,1160000000.0,2543000000.0,615000000.0,699000000.0,,,,,1383000000.0,1376000000.0,,83000000.0,,,-811000000.0,,,,,5000000.0,5000000.0,,,,,-15500000.0,,,
2019-06-30,99152000000.0,37691000000.0,15406000000.0,15406000000.0,11421000000.0,,61461000000.0,,,15413000000.0,15413000000.0,10934000000.0,,,606000000.0,2385000000.0,,71895000000.0,37178000000.0,,,,6834000000.0,34717000000.0,,,,,14973000000.0,8217000000.0,,27123000000.0,,17937000000.0,905000000.0,1570180000.0,3652000000.0,26741000000.0,23089000000.0,23089000000.0,1371000000.0,,782000000.0,2355000000.0,,,,298000000.0,,,,1358000000.0,1110000000.0,317000000.0,,,,1371000000.0,2729000000.0,4650000000.0,3052000000.0,,,,,1358000000.0,1954000000.0,,83000000.0,,,-2875000000.0,,,,,3051000000.0,3051000000.0,,,,,-15500000.0,,,
2019-09-30,100476000000.0,37990000000.0,15974000000.0,15974000000.0,11474000000.0,,62486000000.0,13159000000.0,,15394000000.0,15394000000.0,11425000000.0,,,475000000.0,2208000000.0,,72870000000.0,37127000000.0,,,,6897000000.0,35743000000.0,,,,,15085000000.0,7930000000.0,,27471000000.0,,18694000000.0,905000000.0,1571155000.0,3554000000.0,27322000000.0,23768000000.0,23768000000.0,564000000.0,,1456000000.0,3057000000.0,,,,300000000.0,,,,1339000000.0,261000000.0,440000000.0,,,,564000000.0,1903000000.0,-179000000.0,2343000000.0,,,,,1339000000.0,2152000000.0,,159500000.0,,-1303500000.0,-51000000.0,,,,,,,,,,,,,,
2019-12-31,98044000000.0,34932000000.0,15014000000.0,15014000000.0,9722000000.0,,63112000000.0,13159000000.0,,15639000000.0,15639000000.0,11065000000.0,,2060000000.0,577000000.0,1626000000.0,,69369000000.0,34376000000.0,,,,4876000000.0,34993000000.0,1640000000.0,6745000000.0,4516000000.0,,12901000000.0,7180000000.0,313000000.0,28537000000.0,,18694000000.0,20000000.0,1847432000.0,4517000000.0,29643000000.0,25126000000.0,25126000000.0,2097000000.0,1764000000.0,701000000.0,2465000000.0,,-201000000.0,70000000.0,38000000.0,,,,1365000000.0,1930000000.0,352000000.0,,1578000000.0,,2097000000.0,3462000000.0,1536000000.0,4368000000.0,,,,,1365000000.0,2903000000.0,,176500000.0,,-1303500000.0,-2090000000.0,,,,,79000000.0,79000000.0,,,,,,,,
2020-03-31,95515000000.0,33046000000.0,12134000000.0,12134000000.0,11368000000.0,,62469000000.0,13018000000.0,,15811000000.0,15811000000.0,11341000000.0,,2284000000.0,1155000000.0,1631000000.0,,68995000000.0,34240000000.0,,,,6272000000.0,34755000000.0,1684000000.0,6626000000.0,5903000000.0,,14213000000.0,6756000000.0,209000000.0,26385000000.0,,19297000000.0,905000000.0,1568001000.0,1689000000.0,20567000000.0,18878000000.0,18878000000.0,-642000000.0,1439000000.0,933000000.0,2372000000.0,,-158000000.0,41000000.0,199000000.0,,,,1335000000.0,-869000000.0,825000000.0,,-1694000000.0,,-642000000.0,693000000.0,-1696000000.0,-2820000000.0,,,,,1335000000.0,2327000000.0,,-43500000.0,,-956500000.0,1324000000.0,,,,,0.0,0.0,,,,,-500000.0,,,
2020-06-30,93608000000.0,31976000000.0,13914000000.0,13914000000.0,9639000000.0,,61632000000.0,13018000000.0,,15917000000.0,15917000000.0,11097000000.0,,2200000000.0,805000000.0,1318000000.0,,68708000000.0,28059000000.0,,,,4827000000.0,40649000000.0,1690000000.0,14298000000.0,4464000000.0,,20452000000.0,6581000000.0,205000000.0,24776000000.0,,19297000000.0,905000000.0,1571440000.0,664000000.0,11707000000.0,11043000000.0,11043000000.0,-930000000.0,1041000000.0,576000000.0,1617000000.0,,-167000000.0,23000000.0,190000000.0,,,,1270000000.0,-1183000000.0,-135000000.0,,-1048000000.0,,-930000000.0,340000000.0,-1038000000.0,-3212000000.0,,,,,1270000000.0,1665000000.0,,-43500000.0,,-956500000.0,6724000000.0,,,,,0.0,0.0,,,,,-500000.0,,,
2020-09-30,104248000000.0,43847000000.0,26016000000.0,26016000000.0,9146000000.0,,60401000000.0,12782000000.0,,15701000000.0,15701000000.0,10615000000.0,,2250000000.0,979000000.0,1092000000.0,,79067000000.0,38492000000.0,,,,10239000000.0,40575000000.0,1736000000.0,14767000000.0,9910000000.0,,26413000000.0,7191000000.0,92000000.0,25051000000.0,,17465000000.0,20000000.0,1579505000.0,4099000000.0,25814000000.0,21715000000.0,21715000000.0,1888000000.0,1527000000.0,670000000.0,2197000000.0,,-286000000.0,25000000.0,272000000.0,,,,1242000000.0,1640000000.0,435000000.0,,1205000000.0,,1888000000.0,3130000000.0,1198000000.0,8930000000.0,,,,,1242000000.0,2188000000.0,,465500000.0,,-1009500000.0,6152000000.0,,,,,2099500000.0,2099500000.0,,,,,-81000000.0,,,
2020-12-31,99730000000.0,40053000000.0,23846000000.0,23846000000.0,8094000000.0,,59677000000.0,12782000000.0,,15443000000.0,15443000000.0,10131000000.0,,2129000000.0,350000000.0,852000000.0,,73869000000.0,31782000000.0,,,,4081000000.0,42087000000.0,1693000000.0,15698000000.0,3726000000.0,,21117000000.0,6487000000.0,375000000.0,25737000000.0,,17465000000.0,20000000.0,1794211000.0,4262000000.0,28588000000.0,24326000000.0,24326000000.0,2250000000.0,1494000000.0,800000000.0,2294000000.0,,-83000000.0,28000000.0,181000000.0,,,,1296000000.0,1768000000.0,207000000.0,,1561000000.0,,2250000000.0,3546000000.0,1565000000.0,6285000000.0,,,,,1296000000.0,2420000000.0,,465500000.0,,-1009500000.0,-5113000000.0,,,,,2099500000.0,2099500000.0,,,,,-81000000.0,,,
2021-03-31,,66923000000.0,,,12181000000.0,,,34658000000.0,,,,,,,,3548000000.0,,,59683000000.0,,,,,,,,,,,13957000000.0,,,,45191000000.0,31000000.0,,,,,,,,,,,,,,,,,,,864500000.0,,,,3817000000.0,,,2807500000.0,,,,,952500000.0,2311500000.0,,527500000.0,,6903500000.0,-900500000.0,,,,,651000000.0,651000000.0,,,,,,,,
2021-06-30,158542000000.0,66923000000.0,40812000000.0,40812000000.0,12181000000.0,,91619000000.0,34658000000.0,,44228000000.0,44228000000.0,28559000000.0,,6251000000.0,926000000.0,4540000000.0,,111804000000.0,59683000000.0,,,,6508000000.0,52121000000.0,2605000000.0,22765000000.0,5989000000.0,,31359000000.0,25071000000.0,606000000.0,46332000000.0,,45191000000.0,31000000.0,3206607000.0,14309000000.0,72610000000.0,58301000000.0,58301000000.0,7713000000.0,,2046000000.0,6596000000.0,,,,77680265.0,,,,2647000000.0,7127000000.0,1729000000.0,,,,7713000000.0,10360000000.0,6780000000.0,5615000000.0,,,,,2647000000.0,4991000000.0,,1055000000.0,,6903500000.0,-1801000000.0,,,,,2099500000.0,2099500000.0,,,,,-2000000.0,,,
2021-09-30,171766000000.0,74795000000.0,48616000000.0,48616000000.0,11361000000.0,,96971000000.0,31544000000.0,,18536000000.0,18536000000.0,14375000000.0,,,1154000000.0,10666000000.0,,115459000000.0,64857000000.0,,,,10616000000.0,50602000000.0,,,,,33246000000.0,26060000000.0,,55907000000.0,,52776000000.0,31000000.0,3096257000.0,7652000000.0,38404500000.0,30752500000.0,30752500000.0,4172000000.0,,1220500000.0,3711000000.0,,,,163307852.0,,,,931000000.0,3800000000.0,91000000.0,,,,4172000000.0,5103000000.0,3710000000.0,6515500000.0,,,,,1195500000.0,2032000000.0,,573000000.0,,-2566500000.0,217500000.0,,,,,500000000.0,500000000.0,,,,,,,,
2021-12-31,171766000000.0,74795000000.0,49629000000.0,49629000000.0,11361000000.0,,96971000000.0,31544000000.0,,46556000000.0,46556000000.0,29921000000.0,,6467000000.0,1838000000.0,3644000000.0,,115459000000.0,64857000000.0,,,,10958000000.0,50602000000.0,2486000000.0,20569000000.0,10527000000.0,,33582000000.0,24724000000.0,379000000.0,55907000000.0,,19864000000.0,31000000.0,3132618655.0,15167000000.0,76809000000.0,61642000000.0,61642000000.0,8146000000.0,,2441000000.0,7021000000.0,,,,160482585.0,,,,3224000000.0,7265000000.0,182000000.0,,,,8146000000.0,11370000000.0,7420000000.0,13031000000.0,,,,,3224000000.0,5122000000.0,,1146000000.0,,-2566500000.0,435000000.0,,,,,495000000.0,495000000.0,,,,,2000000.0,,,
2022-03-31,182226000000.0,79499000000.0,45278000000.0,45278000000.0,15722000000.0,,102727000000.0,37192000000.0,,34799000000.0,34799000000.0,15539000000.0,,,1407000000.0,12697000000.0,,116603000000.0,67769000000.0,,,,7369000000.0,48834000000.0,,,,,27598000000.0,28952000000.0,,65219000000.0,,57694000000.0,31000000.0,3228051000.0,9067000000.0,43999500000.0,34932500000.0,34932500000.0,5530000000.0,,1273500000.0,4002000000.0,,,,102334329.0,,,,1147000000.0,4972500000.0,992500000.0,,,,5530000000.0,6677000000.0,3980000000.0,4921500000.0,,,,,1147000000.0,1981500000.0,,-1803500000.0,,-2333000000.0,-5044000000.0,,,,,1630000000.0,1630000000.0,,,,,,,,
2022-06-30,182226000000.0,79499000000.0,46355000000.0,46355000000.0,15722000000.0,,102727000000.0,37192000000.0,,34799000000.0,34799000000.0,15539000000.0,,6546000000.0,2098000000.0,2295000000.0,,116603000000.0,67769000000.0,,,,7935000000.0,48834000000.0,2566000000.0,18289000000.0,7309000000.0,,28164000000.0,27405000000.0,276000000.0,65219000000.0,,57694000000.0,31000000.0,3228051000.0,18134000000.0,87999000000.0,69865000000.0,69865000000.0,11127000000.0,,2547000000.0,7007000000.0,,,,96909376.0,,,,3225000000.0,9889000000.0,1985000000.0,,,,11127000000.0,14352000000.0,7960000000.0,9843000000.0,,,,,3225000000.0,4409000000.0,,-3607000000.0,,-2333000000.0,-10088000000.0,,,,,1630000000.0,1630000000.0,,,,,,,,
2022-09-30,186156000000.0,84776000000.0,45335000000.0,45335000000.0,17360000000.0,,101380000000.0,32542000000.0,,19533000000.0,19533000000.0,15507000000.0,,,3267000000.0,13886000000.0,,113774000000.0,66825000000.0,,,,7068000000.0,46949000000.0,,,,,26537000000.0,28031000000.0,,71999000000.0,,66783000000.0,32000000.0,3144142000.0,8588500000.0,45796500000.0,37208000000.0,37208000000.0,4992500000.0,,1328500000.0,3921500000.0,,,,,,,,1027500000.0,4781500000.0,372000000.0,,,,4992500000.0,6020000000.0,4419500000.0,4956393924.0,,,,,1278784909.0,2279274865.0,,-979421851.0,,-2932500000.0,-1508574228.0,,,,,45565899.0,45565899.0,,,,,-452229299.0,,,
2022-12-31,186156000000.0,84776000000.0,46433000000.0,46433000000.0,17360000000.0,,101380000000.0,32542000000.0,,35237000000.0,35237000000.0,15507000000.0,,5315000000.0,3840000000.0,13313000000.0,,113774000000.0,66825000000.0,,,,7684000000.0,46949000000.0,2259000000.0,17844000000.0,7050000000.0,,27153000000.0,24952000000.0,527000000.0,71999000000.0,,66783000000.0,32000000.0,3144142000.0,17177000000.0,91593000000.0,74416000000.0,74416000000.0,9985000000.0,,2657000000.0,7843000000.0,,,,647000000.0,,,,2055000000.0,9563000000.0,744000000.0,,,,9985000000.0,12040000000.0,8839000000.0,5415997429.0,,,,,1397365884.0,2490630688.0,,-1070243066.0,,-2932500000.0,-1648463432.0,,,,,49791198.0,49791198.0,,,,,-494164257.0,,,
2023-03-31,198573000000.0,95036000000.0,47742000000.0,47742000000.0,19289000000.0,,103537000000.0,,,35752000000.0,35752000000.0,15340000000.0,,,3487000000.0,15924000000.0,,121509000000.0,73827000000.0,,,,8725000000.0,47682000000.0,,,,,28784000000.0,30406000000.0,,76713000000.0,,72450000000.0,31000000.0,3163807000.0,10717000000.0,49184000000.0,38467000000.0,38467000000.0,6844500000.0,,1367500000.0,4242000000.0,,,,,,,,1326000000.0,6805000000.0,1346000000.0,,,,6844500000.0,8170500000.0,5461500000.0,7263803015.0,,,,,1438333875.0,2411866796.0,,-1068445601.0,,,-2438984705.0,,,,,2282243193.0,2282243193.0,,,,,-365549408.0,,,
2023-06-30,198573000000.0,95036000000.0,48978000000.0,48978000000.0,19289000000.0,,103537000000.0,,,35752000000.0,35752000000.0,15340000000.0,,6342000000.0,4568000000.0,5089000000.0,,121509000000.0,73827000000.0,,,,9408000000.0,47682000000.0,2175000000.0,18582000000.0,8710000000.0,,29467000000.0,27236000000.0,205000000.0,76713000000.0,,72450000000.0,31000000.0,3163807000.0,21434000000.0,98368000000.0,76934000000.0,76934000000.0,13778000000.0,4921000000.0,2735000000.0,7656000000.0,,,308000000.0,549000000.0,,,,3740000000.0,13317000000.0,2692000000.0,,,,13778000000.0,17518000000.0,10923000000.0,7307398515.0,,,,,1446966390.0,2426342208.0,,-1074858140.0,,,-2453622872.0,,,,,2295940637.0,2295940637.0,,,,,-367743343.0,,,
2023-09-30,202128000000.0,91520000000.0,42419000000.0,42419000000.0,21414000000.0,,110608000000.0,,,18871000000.0,18871000000.0,15173000000.0,,,3726000000.0,17535000000.0,,120008000000.0,73940000000.0,,,,8762000000.0,46068000000.0,,,,,28784000000.0,32170000000.0,,81693000000.0,,62946000000.0,31000000.0,3101109000.0,8384000000.0,45588000000.0,37204000000.0,37204000000.0,4638000000.0,,1442000000.0,4425500000.0,,,,76787807.0,,,,1048500000.0,4404000000.0,550500000.0,,,,4638000000.0,5686500000.0,3836500000.0,4546000000.0,,,,,1352000000.0,2873000000.0,,-1209000000.0,,,-2351500000.0,,,,,763188745.0,763188745.0,,,,,-880000000.0,,,
2023-12-31,202128000000.0,91520000000.0,43669000000.0,43669000000.0,21414000000.0,,110608000000.0,,,36446000000.0,36446000000.0,30994000000.0,,11101000000.0,4807000000.0,4685000000.0,,120008000000.0,73940000000.0,,,,9462000000.0,46068000000.0,2158000000.0,18561000000.0,8744000000.0,,29463000000.0,30206000000.0,197000000.0,81693000000.0,,42918000000.0,31000000.0,3103593000.0,16710000000.0,91176000000.0,74466000000.0,74466000000.0,9206000000.0,,2884000000.0,7504000000.0,,,,578000000.0,,,,3809000000.0,8610000000.0,1101000000.0,,,,9206000000.0,13015000000.0,7673000000.0,9092000000.0,,,,,3809000000.0,5746000000.0,,-2418000000.0,,,-4703000000.0,,,,,450000000.0,450000000.0,,,,,-1760000000.0,,,
2024-03-31,83328838375.0,55547421820.0,8747190650.0,8747190650.0,7953509278.0,,25892249405.0,,,5197457137.0,5197457137.0,1909715533.0,,,883580556.0,,,70271623965.0,53582482502.0,,,,,9741218776.0,,,,,,42713671098.0,,12781095485.0,,12325178193.0,455917292.0,3206607000.0,8387456037.0,42561547481.0,34174091443.0,34174091443.0,4474794841.0,,1199296600.0,-3897420867.0,,,,76787807.0,,,,1116647128.0,4413247362.0,1013481828.0,,,,4474794841.0,5591441969.0,3393903868.0,3291324736.0,,,,,1116647127.0,2709847596.0,,618405627.0,,,-1055685814.0,,,,,763188745.0,763188745.0,,,,,-1172332.0,,,
2024-06-30,206886000000.0,86910000000.0,34852000000.0,34852000000.0,22153000000.0,,119976000000.0,,,38159000000.0,38159000000.0,15437000000.0,,13894000000.0,3214000000.0,19768000000.0,,124562000000.0,75977000000.0,,,,10692000000.0,48585000000.0,2404000000.0,19892000000.0,9878000000.0,,32261000000.0,32051000000.0,355000000.0,81725000000.0,,79816000000.0,38000000.0,2941629705.0,15199000000.0,85017000000.0,69818000000.0,69818000000.0,6639000000.0,,2819000000.0,8560000000.0,,,,680000000.0,,,,2522000000.0,6989000000.0,1342000000.0,,,,7910000000.0,10432000000.0,5624000000.0,4889000000.0,,,,,3598000000.0,5703000000.0,,-900000000.0,,,-4268000000.0,,,,,4651000000.0,4651000000.0,,,,,-1998000000.0,,,
2024-12-31,207607000000.0,81578000000.0,34100000000.0,34100000000.0,20861000000.0,,126029000000.0,,,39021000000.0,39021000000.0,15344000000.0,,11888000000.0,2983000000.0,5117000000.0,,125492000000.0,75186000000.0,,,,12199000000.0,50306000000.0,2556000000.0,23330000000.0,11341000000.0,,37227000000.0,30699000000.0,243000000.0,81692000000.0,,77316000000.0,37000000.0,2975820000.0,3816956180.0,77386243160.0,73569286980.0,73569286980.0,-1012579300.0,,944024700.0,8271000000.0,,,,678208640.0,,,,4958499720.0,-2780830700.0,-2882407360.0,,,,-2343622060.0,2614877660.0,41759060.0,,,,,,,,,,,,,,,,,,,,,,,,,,
