fiscal_date_ending,total_assets,total_current_assets,cash_and_cash_equivalents,cash_and_short_term_investments,inventory,current_net_receivables,total_non_current_assets,property_plant_equipment,accumulated_depreciation_amortization_ppe,intangible_assets,intangible_assets_excluding_goodwill,goodwill,investments,long_term_investments,short_term_investments,other_current_assets,other_non_current_assets,total_liabilities,total_current_liabilities,current_accounts_payable,deferred_revenue,current_debt,short_term_debt,total_non_current_liabilities,capital_lease_obligations,long_term_debt,current_long_term_debt,long_term_debt_non_current,short_long_term_debt_total,other_current_liabilities,other_non_current_liabilities,total_shareholder_equity,treasury_stock,retained_earnings,common_stock,common_stock_shares_outstanding,gross_profit,total_revenue,cost_of_revenue,cost_of_goods_and_services_sold,operating_income,selling_general_and_administrative,research_and_development,operating_expenses,investment_income_net,net_interest_income,interest_income,interest_expense,non_interest_income,other_non_operating_income,depreciation,depreciation_and_amortization,income_before_tax,income_tax_expense,interest_and_debt_expense,net_income_from_continuing_operations,comprehensive_income_net_of_tax,ebit,ebitda,net_income,operating_cashflow,payments_for_operating_activities,proceeds_from_operating_activities,change_in_operating_liabilities,change_in_operating_assets,depreciation_depletion_and_amortization,capital_expenditures,change_in_receivables,change_in_inventory,profit_loss,cashflow_from_investment,cashflow_from_financing,proceeds_from_repayments_of_short_term_debt,payments_for_repurchase_of_common_stock,payments_for_repurchase_of_equity,payments_for_repurchase_of_preferred_stock,dividend_payout,dividend_payout_common_stock,dividend_payout_preferred_stock,proceeds_from_issuance_of_common_stock,proceeds_from_issuance_of_long_term_debt_and_capital_securities_net,proceeds_from_issuance_of_preferred_stock,proceeds_from_repurchase_of_equity,proceeds_from_sale_of_treasury_stock,change_in_cash_and_cash_equivalents,change_in_exchange_rate
2011-06-30,646155000.0,417758000.0,319380000.0,330631000.0,54312000.0,23308000.0,217864000.0,189647000.0,,14508000.0,14508000.0,,,,,20758000.0,22784000.0,297703000.0,138736000.0,57199000.0,,287000.0,287000.0,158967000.0,359000.0,134177000.0,287000.0,134177000.0,134177000.0,24993000.0,13357000.0,348452000.0,,-522826000.0,104000.0,103980989.0,18508000.0,58171000.0,39663000.0,39663000.0,-58739000.0,24716000.0,52531000.0,77247000.0,46000.0,-1200000.0,,1200000.0,,-71000.0,,4318000.0,-58764000.0,139000.0,1200000.0,-58903000.0,-58903000.0,-58739000.0,-53246000.0,-58903000.0,-22488000.0,,,,,3800000.0,54314000.0,,-7483000.0,-58903000.0,-23122000.0,264335000.0,,,,,,,,,31693000.0,,,,218725000.0,
2011-09-30,700250000.0,412121000.0,213328000.0,333693000.0,49216000.0,18250000.0,276457000.0,248122000.0,,14508000.0,14508000.0,,,,65060000.0,66267000.0,22581000.0,406132000.0,154181000.0,53627000.0,,388000.0,388000.0,251951000.0,661000.0,225000000.0,388000.0,225000000.0,225000000.0,97900000.0,14565000.0,294118000.0,,-587903000.0,104000.0,104188831.0,17224000.0,57666000.0,40442000.0,40442000.0,-64477000.0,27618000.0,54083000.0,81701000.0,80000.0,-1300000.0,,1300000.0,,-594000.0,,4280000.0,-64991000.0,87000.0,1300000.0,-65078000.0,-65102000.0,-64477000.0,-59411000.0,-65078000.0,-21491000.0,,,24625000.0,-3755000.0,3700000.0,68844000.0,-5058000.0,2133000.0,-65078000.0,-178170000.0,93609000.0,,,,,,,,,90822000.0,,2895000.0,,-106052000.0,
2011-12-31,713448000.0,372838000.0,255266000.0,280300000.0,50082000.0,9539000.0,335260000.0,298414000.0,32222000.0,14508000.0,14508000.0,,,,25061000.0,32890000.0,22371000.0,489403000.0,191339000.0,56141000.0,800000.0,8983000.0,8983000.0,311474000.0,2830000.0,276251000.0,7916000.0,268335000.0,276251000.0,123870000.0,14915000.0,104000.0,,-669392000.0,104000.0,104530305.0,7835000.0,39375000.0,31540000.0,31948000.0,-80927000.0,27557000.0,61205000.0,88762000.0,89000.0,3257000.0,,-3257000.0,,-496000.0,,4804000.0,-81376000.0,112000.0,-3257000.0,7835000.0,-81468000.0,-80927000.0,-79829000.0,-81488000.0,-40758000.0,,,34693000.0,-9695000.0,4100000.0,54262000.0,-8711000.0,-2807000.0,7835000.0,28923000.0,53773000.0,,,,,,,,,51252000.0,,2713000.0,,41938000.0,
2012-03-31,761100000.0,358897000.0,218570000.0,243600000.0,55427000.0,13589000.0,396403000.0,364128000.0,35058000.0,14508000.0,14508000.0,,,,25009000.0,46302000.0,22224000.0,607226000.0,235722000.0,64333000.0,,21864000.0,21864000.0,384879000.0,3721000.0,301294000.0,20194000.0,340323000.0,360517000.0,125067000.0,15705000.0,153874000.0,,-759265000.0,105000.0,105164770.0,10210000.0,30167000.0,19957000.0,22569000.0,-88763000.0,30582000.0,68391000.0,98973000.0,90000.0,-65000.0,,65000.0,,-1076000.0,,4163000.0,-89814000.0,59000.0,65000.0,-89873000.0,-89879000.0,-89749000.0,-85586000.0,-89873000.0,-63300000.0,,,29237000.0,1581000.0,3800000.0,67987000.0,4050000.0,-5600000.0,-89873000.0,-66227000.0,92831000.0,,,,,,,,,84267000.0,,8993000.0,,-36696000.0,
2012-06-30,776869000.0,317126000.0,210554000.0,232514000.0,66669000.0,11023000.0,454045000.0,421859000.0,38381000.0,14508000.0,14508000.0,,,,21960000.0,6920000.0,22128000.0,714654000.0,286526000.0,78601000.0,,38098000.0,38098000.0,441740000.0,4720000.0,373537000.0,35637000.0,396155000.0,431792000.0,128962000.0,16114000.0,62215000.0,,-864871000.0,105000.0,105323351.0,4762000.0,26653000.0,21891000.0,21891000.0,-106175000.0,36083000.0,74854000.0,110937000.0,74000.0,-84000.0,,84000.0,,691000.0,,4348000.0,-105494000.0,109000.0,84000.0,-105603000.0,-105597000.0,-105410000.0,-101062000.0,-105603000.0,-64264000.0,,,36495000.0,-2599000.0,3700000.0,61286000.0,-2567000.0,-12838000.0,-105603000.0,-15932000.0,72180000.0,,,,,,,,,71274000.0,,1398000.0,,-8016000.0,
2012-09-30,809177000.0,284541000.0,85693000.0,108554000.0,159048000.0,9164000.0,518769000.0,486248000.0,45350000.0,14392000.0,14392000.0,,,,22861000.0,7775000.0,21911000.0,837052000.0,385806000.0,162025000.0,,54029000.0,54029000.0,466735000.0,6278000.0,410241000.0,50841000.0,414207000.0,465048000.0,112819000.0,18550000.0,-27875000.0,,-975674000.0,106000.0,105772431.0,-8761000.0,50104000.0,58865000.0,58865000.0,-108460000.0,37798000.0,61901000.0,99699000.0,38000.0,-78000.0,,78000.0,,-2188000.0,,7522000.0,-110688000.0,116000.0,78000.0,-110804000.0,-110804000.0,-110610000.0,-103088000.0,-110804000.0,-101026000.0,,,78567000.0,-962000.0,6800000.0,68472000.0,-1858000.0,-85594000.0,-110804000.0,-64014000.0,40179000.0,,,,,,,,,33256000.0,,7687000.0,,-124861000.0,
2012-12-31,1114190000.0,524768000.0,201890000.0,220984000.0,268504000.0,26842000.0,585110000.0,552229000.0,57543000.0,14267000.0,14267000.0,,,,19094000.0,8438000.0,21963000.0,989490000.0,539108000.0,303382000.0,700000.0,55206000.0,55206000.0,471714000.0,9965000.0,452336000.0,50841000.0,401495000.0,452336000.0,-195928000.0,25170000.0,115000.0,,-1065606000.0,115000.0,114214274.0,23857000.0,306332000.0,282475000.0,283315000.0,-90883000.0,45908000.0,68832000.0,114740000.0,85000.0,-26000.0,,26000.0,,745000.0,,12792000.0,-90080000.0,-148000.0,26000.0,23857000.0,-89928000.0,-90054000.0,-77262000.0,-89932000.0,-37491000.0,,,110436000.0,18644000.0,11600000.0,41483000.0,17678000.0,-90694000.0,23857000.0,-60757000.0,214445000.0,,,,,,,,,0.0,,6807000.0,,116197000.0,
2013-03-31,1143778000.0,525993000.0,214417000.0,231136000.0,237618000.0,46139000.0,614283000.0,581997000.0,74933000.0,14150000.0,14150000.0,,,,16719000.0,11100000.0,21684000.0,975195000.0,535623000.0,304204000.0,,56293000.0,56293000.0,471119000.0,10460000.0,420741000.0,50841000.0,388785000.0,439626000.0,-56293000.0,35004000.0,168583000.0,,-1054357000.0,115000.0,115161040.0,96320000.0,561792000.0,465472000.0,467004000.0,-5584000.0,47045000.0,54859000.0,101904000.0,10000.0,-118000.0,,118000.0,,17091000.0,,17850000.0,11399000.0,151000.0,118000.0,11248000.0,11248000.0,11517000.0,29367000.0,11248000.0,64079000.0,,,28318000.0,21714000.0,17400000.0,57727000.0,19297000.0,18220000.0,11248000.0,-55236000.0,3684000.0,,,,,,,,,0.0,,17903000.0,,12527000.0,
2013-06-30,1887844000.0,1129542000.0,746057000.0,747419000.0,254891000.0,113544000.0,626834000.0,595579000.0,94965000.0,14029000.0,14029000.0,,,,1362000.0,13688000.0,24196000.0,1258418000.0,486545000.0,262227000.0,,5695000.0,5695000.0,784158000.0,9249000.0,584395000.0,5695000.0,578740000.0,593684000.0,-5695000.0,115591000.0,629426000.0,,-1084858000.0,121000.0,121429665.0,100483000.0,405139000.0,304656000.0,304656000.0,-11792000.0,59963000.0,52312000.0,112275000.0,39000.0,-20116000.0,,20116000.0,,1668000.0,,22198000.0,-30201000.0,301000.0,20116000.0,-30502000.0,-30502000.0,-10085000.0,12113000.0,-30502000.0,-38193000.0,,,65533000.0,68128000.0,20200000.0,40515000.0,67405000.0,-147466000.0,-30502000.0,-27174000.0,597007000.0,,,,,,,,,0.0,,212506000.0,,534535000.0,
2013-09-30,2166209000.0,1218766000.0,795116000.0,796381000.0,347545000.0,47580000.0,678619000.0,654482000.0,116382000.0,13837000.0,13837000.0,,,,1265000.0,27260000.0,16027000.0,1524546000.0,1169459000.0,302439000.0,,588473000.0,588473000.0,792407000.0,10931000.0,1702502000.0,582502000.0,582500000.0,1181904000.0,-588473000.0,53848000.0,564165000.0,,-1123355000.0,123000.0,122566098.0,102868000.0,431346000.0,328478000.0,328478000.0,-30554000.0,77071000.0,56351000.0,133422000.0,68000.0,-6492000.0,,6492000.0,524000.0,-740000.0,,28450000.0,-37718000.0,778000.0,6492000.0,-38496000.0,-38496000.0,-31226000.0,-2776000.0,-38496000.0,102346000.0,,,-2201000.0,-60242000.0,21200000.0,76548000.0,-65964000.0,-229171000.0,-38496000.0,-77502000.0,24215000.0,,,,,,,,,0.0,,27128000.0,,48749000.0,310000.0
2013-12-31,2416930000.0,1265939000.0,845889000.0,848901000.0,340355000.0,49109000.0,768566000.0,738494000.0,140142000.0,13930000.0,13930000.0,,,,3012000.0,27574000.0,23637000.0,1749810000.0,675160000.0,303969000.0,230856000.0,7904000.0,7904000.0,272303000.0,12855000.0,586301000.0,182000.0,586119000.0,586301000.0,-7904000.0,58197000.0,667120000.0,,-1139620000.0,123000.0,123090990.0,156590000.0,615219000.0,458630000.0,460490000.0,-13353000.0,101489000.0,68453000.0,169942000.0,92000.0,-6229000.0,,6229000.0,123000.0,4584000.0,,37585000.0,-14906000.0,1358000.0,6229000.0,156590000.0,-16264000.0,-8677000.0,28908000.0,-16264000.0,129762000.0,,,32158000.0,10125000.0,25100000.0,89434000.0,1179000.0,-104853000.0,156590000.0,-89505000.0,10516000.0,,,,,,,,,0.0,,13088000.0,,48188000.0,-4225000.0
2014-03-31,4500410000.0,3156047000.0,2393908000.0,2584068000.0,450730000.0,72380000.0,892634000.0,849389000.0,169335000.0,13662000.0,13662000.0,,,,190160000.0,49918000.0,36143000.0,3518412000.0,1413470000.0,375778000.0,270706000.0,598272000.0,598272000.0,1836712000.0,12572000.0,1779875000.0,589875000.0,1519967000.0,2200754000.0,-598272000.0,70969000.0,912056000.0,,-1189420000.0,124000.0,124040756.0,155128000.0,620542000.0,465414000.0,466992000.0,-43967000.0,117551000.0,81544000.0,199095000.0,141000.0,-11883000.0,,11883000.0,807000.0,6718000.0,,44268000.0,-48991000.0,809000.0,11883000.0,-49800000.0,-49800000.0,-37108000.0,7160000.0,-49800000.0,60640000.0,,,145521000.0,35078000.0,28900000.0,141364000.0,23800000.0,-197734000.0,-49800000.0,-329180000.0,1816559000.0,,,,,,,,,2000000000.0,338400000.0,374126000.0,,1548019000.0,1917000.0
2014-06-30,5054463000.0,3441694000.0,2674910000.0,2686624000.0,596927000.0,96607000.0,1081543000.0,1035822000.0,204690000.0,13541000.0,13541000.0,,,,11714000.0,61536000.0,38474000.0,4036047000.0,1575850000.0,443548000.0,,603412000.0,603412000.0,964820000.0,14099000.0,1923712000.0,593712000.0,593700000.0,2450618000.0,-603412000.0,98902000.0,952333000.0,,-1251327000.0,125000.0,124588213.0,212995000.0,769349000.0,556354000.0,556354000.0,-28753000.0,134031000.0,107717000.0,241748000.0,467000.0,-31238000.0,,31238000.0,-597000.0,-1226000.0,,54715000.0,-60750000.0,1150000.0,31238000.0,-61900000.0,-61900000.0,-29512000.0,25203000.0,-61900000.0,-25800000.0,,,125964000.0,37517000.0,36100000.0,175685000.0,24131000.0,-260398000.0,-61900000.0,2610000.0,281492000.0,,,,,,,,,300000000.0,50760000.0,68149000.0,,281002000.0,-1438000.0
2014-09-30,5437533000.0,3362914000.0,2370735000.0,2370735000.0,752492000.0,156889000.0,1470296000.0,1404326000.0,243447000.0,13420000.0,13420000.0,,,,17331000.0,65467000.0,43460000.0,4417278000.0,1839777000.0,649362000.0,415891000.0,607218000.0,607218000.0,1090174000.0,12806000.0,2384261000.0,597626000.0,597600000.0,2384261000.0,-607218000.0,125997000.0,958094000.0,,-1326041000.0,125000.0,125366171.0,251851000.0,851804000.0,599953000.0,599953000.0,-39129000.0,155107000.0,135873000.0,290980000.0,300000.0,-29062000.0,,29062000.0,2497000.0,-3090000.0,,64972000.0,-70981000.0,3727000.0,29062000.0,-74708000.0,-74708000.0,-41919000.0,23053000.0,-74708000.0,-34508000.0,,,97826000.0,71765000.0,40200000.0,284175000.0,61241000.0,-214531000.0,-74708000.0,-291643000.0,33754000.0,,,,,,,,,0.0,0.0,36810000.0,,-286364000.0,-18290000.0
2014-12-31,5830667000.0,3180073000.0,1905713000.0,1905713000.0,953675000.0,226604000.0,1883850000.0,1829267000.0,292590000.0,,,,16673000.0,,17947000.0,76134000.0,43209000.0,4860761000.0,2107166000.0,777946000.0,381096000.0,1212698000.0,601599000.0,2266433000.0,12267000.0,2959795000.0,611099000.0,1220000000.0,3561394000.0,-632128000.0,154660000.0,911710000.0,,-1433682000.0,126000.0,125687607.0,261697000.0,956661000.0,694964000.0,696078000.0,-74838000.0,196970000.0,139565000.0,336535000.0,219000.0,-28703000.0,,28703000.0,-816000.0,-588000.0,,67976000.0,-103911000.0,3719000.0,28703000.0,261697000.0,-107651000.0,-75208000.0,-7232000.0,-107630000.0,261697000.0,,,213743000.0,104428000.0,50800000.0,368661000.0,74486000.0,-377601000.0,-107629000.0,-372231000.0,11325000.0,,,,,,,,,0.0,0.0,10530000.0,,-482833000.0,-17714000.0
2015-03-31,6120030000.0,2921417000.0,1510076000.0,1510076000.0,1054840000.0,200052000.0,2286552000.0,2224191000.0,342386000.0,,,,16682000.0,,20693000.0,135756000.0,48515000.0,5239756000.0,2192381000.0,732331000.0,424104000.0,692822000.0,77700000.0,385415000.0,11265000.0,1233708000.0,605500000.0,1170000000.0,1311408000.0,-630332000.0,61300000.0,825997000.0,,-1587841000.0,126000.0,126362303.0,260073000.0,939880000.0,679807000.0,637646000.0,-102446000.0,195365000.0,167154000.0,362519000.0,184000.0,-26574000.0,,26574000.0,-27977000.0,-22305000.0,,77112000.0,-151141000.0,3040000.0,26574000.0,-154181000.0,-170124000.0,-124567000.0,-47455000.0,-154181000.0,-149404000.0,,,85938000.0,47355000.0,52100000.0,426060000.0,-2175000.0,-307209000.0,-154181000.0,-432344000.0,186156000.0,77961000.0,,,,,,,,0.0,120300000.0,155518000.0,,-395637000.0,-17655000.0
2015-06-30,6468185000.0,2628621000.0,1150673000.0,1150673000.0,1212279000.0,138648000.0,2719318000.0,2646017000.0,403869000.0,,,,,,20591000.0,106430000.0,53527000.0,5701978000.0,2384388000.0,771637000.0,482573000.0,729913000.0,114300000.0,604024000.0,11254000.0,1369262000.0,609500000.0,1440000000.0,1483562000.0,-638275000.0,258142000.0,715934000.0,,-1772068000.0,127000.0,127100947.0,213370000.0,954976000.0,741606000.0,666386000.0,-170188000.0,201846000.0,181712000.0,383558000.0,247000.0,-24352000.0,,24352000.0,11206000.0,13233000.0,,91389000.0,-181060000.0,3167000.0,24352000.0,-184227000.0,-183066000.0,-156708000.0,-65319000.0,-184227000.0,-119427000.0,,,23926000.0,-98447000.0,60800000.0,405165000.0,-60657000.0,-399011000.0,-184227000.0,-422837000.0,218351000.0,118574000.0,,,,,,,,0.0,0.0,23653000.0,,-359403000.0,4599000.0
2015-09-30,7547497000.0,2998795000.0,1426036000.0,1426036000.0,1293717000.0,119964000.0,3187977000.0,3103811000.0,472769000.0,,,,,,25223000.0,133855000.0,57811000.0,6186660000.0,2553771000.0,824861000.0,73900000.0,751000000.0,124400000.0,713799000.0,15033000.0,1181000000.0,613600000.0,1350000000.0,1305400000.0,-651809000.0,336505000.0,1314656000.0,,-2001926000.0,131000.0,130901000.0,231496000.0,936789000.0,705293000.0,628729000.0,-183662000.0,236367000.0,178791000.0,415158000.0,327000.0,-29308000.0,,29308000.0,83540000.0,-15431000.0,,110366000.0,-228074000.0,1784000.0,29308000.0,-229858000.0,-239039000.0,-198766000.0,-88400000.0,-229858000.0,-155358000.0,,,39918000.0,22978000.0,71800000.0,392403000.0,-15541000.0,-385162000.0,-229858000.0,-404090000.0,893978000.0,163416000.0,,,,,,,,0.0,0.0,785155000.0,,275363000.0,-11185000.0
2015-12-31,8067939000.0,2782006000.0,1196908000.0,1196908000.0,1277838000.0,168965000.0,3416156000.0,3403334000.0,571126000.0,12816000.0,12816000.0,,7300000.0,,16700000.0,115667000.0,46858000.0,6936950000.0,2811035000.0,916148000.0,679132000.0,633166000.0,5239000.0,2851456000.0,,441000000.0,627927000.0,1290000000.0,446239000.0,-633166000.0,364976000.0,1083704000.0,,-2322323000.0,131000.0,131425000.0,218564000.0,1214379000.0,995816000.0,918079000.0,-260333000.0,288654000.0,190243000.0,478897000.0,750000.0,-38617000.0,,38617000.0,-20182000.0,-17149000.0,,143723000.0,-315349000.0,5048000.0,38617000.0,218564000.0,-299968000.0,-276732000.0,-133009000.0,-320397000.0,218564000.0,,,173981000.0,35804000.0,94000000.0,411222000.0,32106000.0,-482478000.0,-320397000.0,-414280000.0,225038000.0,343794000.0,,,,,,,-20000000.0,0.0,0.0,12585000.0,,-229128000.0,-10037000.0
2016-03-31,9191702000.0,3239543000.0,1441789000.0,1441789000.0,1301961000.0,318056000.0,3707949000.0,3593014000.0,673089000.0,,,,26800000.0,,23980000.0,153757000.0,67152000.0,8178711000.0,3187699000.0,1013486000.0,800968000.0,635285000.0,635285000.0,3407937000.0,,1855285000.0,635285000.0,1220000000.0,1937150000.0,-635285000.0,426611000.0,970365000.0,,-2604590000.0,134000.0,133858000.0,252468000.0,1147048000.0,894580000.0,792326000.0,-248224000.0,318210000.0,182482000.0,500692000.0,1251000.0,-40625000.0,,40625000.0,-16815000.0,9177000.0,,156460000.0,-278421000.0,3846000.0,40625000.0,-282267000.0,-265146000.0,-237796000.0,-81336000.0,-282267000.0,-334544000.0,,,176658000.0,175323000.0,99200000.0,216859000.0,159327000.0,-512671000.0,-282267000.0,-233819000.0,715435000.0,241763000.0,,,,,,,0.0,0.0,120300000.0,173138000.0,,244881000.0,12870000.0
2016-06-30,11868952000.0,5203705000.0,3246301000.0,3246301000.0,1609607000.0,178594000.0,4145721000.0,3993250000.0,783986000.0,,,,38300000.0,,24525000.0,144678000.0,66650000.0,9311512000.0,3766404000.0,1114878000.0,851684000.0,626826000.0,626826000.0,3765599000.0,,1756826000.0,626826000.0,1130000000.0,1858685000.0,-626826000.0,612344000.0,2520294000.0,,-2897778000.0,148000.0,148015000.0,274776000.0,1270017000.0,995241000.0,909282000.0,-238040000.0,321152000.0,191664000.0,512816000.0,2242000.0,-46368000.0,,46368000.0,151628000.0,-7373000.0,,183232000.0,-289539000.0,3649000.0,46368000.0,-293188000.0,-272560000.0,-243171000.0,-59939000.0,-293188000.0,-179188000.0,,,500253000.0,-185944000.0,111900000.0,294720000.0,-157901000.0,-705260000.0,-293188000.0,-319854000.0,1976584000.0,142762000.0,,,,,,,0.0,0.0,0.0,1759374000.0,,1804512000.0,-2554000.0
2016-09-30,12592397000.0,5172412000.0,3084257000.0,3084257000.0,1604571000.0,326895000.0,4470688000.0,4309048000.0,912106000.0,,,,,,23711000.0,132978000.0,70646000.0,9900639000.0,4082390000.0,1606284000.0,1207101000.0,260771000.0,260771000.0,3762181000.0,,200000000.0,260771000.0,,200000000.0,-260771000.0,737559000.0,2680488000.0,,-2875900000.0,150000.0,149825000.0,636735000.0,2298436000.0,1661701000.0,1355102000.0,85622000.0,336811000.0,214302000.0,551113000.0,2858000.0,-46713000.0,,46713000.0,231285000.0,-11756000.0,,280468000.0,30011000.0,8133000.0,46713000.0,21878000.0,12995000.0,76724000.0,357192000.0,21878000.0,148678000.0,,,474066000.0,89081000.0,126800000.0,247611000.0,109084000.0,-580283000.0,21878000.0,-268006000.0,-320870000.0,173144000.0,,,,,,,0.0,0.0,0.0,-77317000.0,,-162044000.0,3183000.0
2016-12-31,22664076000.0,6259796000.0,3393000000.0,3393216000.0,2067454000.0,499142000.0,7350320000.0,5982957000.0,997485000.0,376145000.0,376145000.0,,,506302000.0,105519000.0,194465000.0,216751000.0,16750167000.0,5827005000.0,1860341000.0,1614916000.0,1114652000.0,130441000.0,8640254000.0,,5892016000.0,984211000.0,,6022457000.0,84492000.0,1891449000.0,4752911000.0,,-2997237000.0,161000.0,161561000.0,435278000.0,2284631000.0,1849353000.0,1614167000.0,-266698000.0,456016000.0,245960000.0,701976000.0,2179000.0,-65104000.0,,65104000.0,271827000.0,121224000.0,,326939000.0,-110267000.0,11070000.0,65104000.0,435278000.0,-170387000.0,-45163000.0,281776000.0,-121337000.0,-1551561000.0,,,120081000.0,130652000.0,139400000.0,521612000.0,102587000.0,287536000.0,-219469000.0,-259406000.0,1372827000.0,212040000.0,,,,,,,0.0,0.0,0.0,10356000.0,,308959000.0,-20908000.0
2017-03-31,25053726000.0,7027889000.0,4006593000.0,4006593000.0,2220336000.0,440349000.0,8487252000.0,7016551000.0,1164943000.0,429592000.0,388608000.0,40984000.0,,486350000.0,88946000.0,271665000.0,224536000.0,18885353000.0,6245439000.0,2075333000.0,1796572000.0,963737000.0,134657000.0,10219570000.0,,6927937000.0,829080000.0,,7062594000.0,1708903000.0,2081822000.0,4987719000.0,,-3343187000.0,161000.0,164164000.0,667946000.0,2696270000.0,2028324000.0,1675340000.0,-257549000.0,603455000.0,322040000.0,925495000.0,3090000.0,-99346000.0,,99346000.0,208356000.0,-18098000.0,,376602000.0,-304999000.0,25278000.0,99346000.0,-397181000.0,-327306000.0,-205653000.0,170949000.0,-330277000.0,-54056000.0,,,8136000.0,-16037000.0,160100000.0,552624000.0,-91541000.0,124514000.0,-397181000.0,-926943000.0,1598749000.0,186355000.0,,,,,,,400175000.0,0.0,52883000.0,510365000.0,,613377000.0,11382000.0
2017-06-30,26043705000.0,6359444000.0,3035924000.0,3035924000.0,2438111000.0,453539000.0,9864936000.0,8399229000.0,1337411000.0,424613000.0,380847000.0,43766000.0,,472663000.0,118369000.0,313501000.0,209986000.0,19459902000.0,6546355000.0,2359316000.0,1948977000.0,760284000.0,43751000.0,10455599000.0,,6755563000.0,716533000.0,,6799314000.0,1853568000.0,2259538000.0,5105752000.0,,-3679584000.0,163000.0,166863000.0,666615000.0,2789557000.0,2122942000.0,1676340000.0,-240916000.0,537757000.0,369774000.0,907531000.0,4785000.0,-108441000.0,,108441000.0,272764000.0,-41208000.0,,389171000.0,-320750000.0,15647000.0,108441000.0,-401427000.0,-304667000.0,-212309000.0,176862000.0,-336397000.0,-90981000.0,,,-6234000.0,52186000.0,176600000.0,959068000.0,14498000.0,269188000.0,-401427000.0,-1112688000.0,428767000.0,149320000.0,,,,,,,0.0,0.0,0.0,-106587000.0,,-970669000.0,15952000.0
2017-09-30,28107074000.0,7068733000.0,3530030000.0,3530030000.0,2471382000.0,607734000.0,10916142000.0,9394397000.0,1535561000.0,417474000.0,372238000.0,45236000.0,,463878000.0,138181000.0,321406000.0,231849000.0,21929057000.0,6468940000.0,2385778000.0,2034604000.0,375506000.0,51282000.0,13090449000.0,,9049729000.0,324224000.0,,9101011000.0,2021120000.0,2382830000.0,4711480000.0,,-4298960000.0,168000.0,168017000.0,449140000.0,2984675000.0,2535535000.0,1992910000.0,-535480000.0,652998000.0,331622000.0,984620000.0,5531000.0,-117109000.0,,117109000.0,286158000.0,-24390000.0,,400624000.0,-619661000.0,-285000.0,117109000.0,-671163000.0,-609087000.0,-502552000.0,-101928000.0,-619376000.0,-300562000.0,,,248363000.0,612296000.0,197500000.0,1116434000.0,182686000.0,25268000.0,-671163000.0,-1244727000.0,2101506000.0,80752000.0,,11345000.0,,,,,0.0,0.0,0.0,69070000.0,,494106000.0,8094000.0
2017-12-31,28655372000.0,6570520000.0,3368000000.0,3367914000.0,2263537000.0,515381000.0,11620758000.0,10027522000.0,1723794000.0,421739000.0,361502000.0,60237000.0,,456652000.0,155323000.0,268365000.0,273123000.0,23022980000.0,7674670000.0,2390250000.0,2193052000.0,799849000.0,3300000.0,13083289000.0,,8828985000.0,796549000.0,,8832285000.0,130565000.0,2442970000.0,4237242000.0,,-4974299000.0,169000.0,168797000.0,438786000.0,3288249000.0,2849199000.0,2381164000.0,-598055000.0,682790000.0,354564000.0,1037354000.0,6280000.0,-146363000.0,-259000.0,146104000.0,230580000.0,-41304000.0,,469606000.0,-683990000.0,-8640000.0,146363000.0,438786000.0,-663940000.0,-537886000.0,-68280000.0,-675350000.0,509545000.0,,,389107000.0,-372876000.0,235100000.0,786688000.0,-81008000.0,-239970000.0,-771229000.0,-911642000.0,285978000.0,94894000.0,,10847000.0,,,,,-175000.0,0.0,0.0,8941000.0,,-162116000.0,4027000.0
2018-03-31,27271429000.0,6383920000.0,2665673000.0,2665673000.0,2565826000.0,652848000.0,12226011000.0,10519226000.0,1992548000.0,407712000.0,346428000.0,61284000.0,,449754000.0,120194000.0,379379000.0,415478000.0,21551021000.0,8650359000.0,2603498000.0,1354715000.0,1755634000.0,1998030000.0,12193428000.0,,8219577000.0,1915530000.0,,8219577000.0,2527543000.0,2561886000.0,4450695000.0,,-5051292000.0,170000.0,169750000.0,456000000.0,3409000000.0,2952225000.0,2485306000.0,-596974000.0,686404000.0,367096000.0,1053500000.0,5214000.0,-149546000.0,,149546000.0,3482289000.0,-37716000.0,245200000.0,416233000.0,-703395000.0,5605000.0,149546000.0,-784627000.0,-659978000.0,-553849000.0,-137616000.0,-709000000.0,-398376000.0,,,324782000.0,541224000.0,245200000.0,655662000.0,169142000.0,322081000.0,-784627000.0,-728637000.0,371660000.0,0.0,,0.0,,,,,0.0,0.0,0.0,94018000.0,,-1369583000.0,
2018-06-30,27910000000.0,6699797000.0,2236424000.0,2236424000.0,3324643000.0,569874000.0,12588125000.0,10969348000.0,2188723000.0,364690000.0,300406000.0,64284000.0,,434841000.0,146822000.0,422034000.0,419254000.0,22642887000.0,9141362000.0,3030493000.0,,1838909000.0,2103185000.0,12171812000.0,,8626114000.0,2020685000.0,,8626114000.0,2489234000.0,2607458000.0,3906421000.0,,-5768831000.0,170000.0,170516000.0,619000000.0,4002000000.0,3383301000.0,2860012000.0,-621392000.0,750759000.0,386129000.0,1240322000.0,5064000.0,-163582000.0,,163582000.0,4242047000.0,50911000.0,251800000.0,485255000.0,-704293000.0,13707000.0,163582000.0,-742706000.0,-781915000.0,-540711000.0,23272000.0,-718000000.0,-129664000.0,,,609782000.0,708035000.0,251800000.0,609813000.0,-70633000.0,733475000.0,-742706000.0,-682817000.0,398622000.0,0.0,,0.0,,,,,0.0,0.0,0.0,31053000.0,,-434806000.0,
2018-09-30,29262713000.0,7920491000.0,2967000000.0,2967504000.0,3314127000.0,1155001000.0,12854548000.0,11246295000.0,2454339000.0,356702000.0,291476000.0,65226000.0,,422897000.0,504000.0,325232000.0,431819000.0,23409144000.0,9775324000.0,3596984000.0,,1833475000.0,2106538000.0,13232967000.0,,8665163000.0,2106538000.0,,8665163000.0,2595044000.0,2555319000.0,4508838000.0,,-5457315000.0,171000.0,171578000.0,1524000000.0,6824000000.0,5300000000.0,-5312887000.0,416000000.0,730000000.0,351000000.0,1108000000.0,6907000.0,-175220000.0,-220000.0,175000000.0,7044874000.0,23000000.0,300000000.0,502825000.0,328000000.0,17000000.0,175220000.0,254673000.0,301000000.0,503000000.0,919582000.0,311000000.0,1391040000.0,26200000.0,,1052082000.0,578987000.0,300000000.0,510271000.0,587594000.0,55444000.0,254000000.0,-560546000.0,-84282000.0,0.0,,0.0,,,,,0.0,0.0,0.0,94869000.0,,528473000.0,
2018-12-31,29740000000.0,8307000000.0,3686000000.0,3685618000.0,3113000000.0,949022000.0,13072152000.0,11330000000.0,2699000000.0,350000000.0,282000000.0,68000000.0,,421548000.0,192551000.0,365671000.0,572000000.0,23427000000.0,9993000000.0,3405000000.0,2504000000.0,2222000000.0,2567699000.0,13164200000.0,,8411000000.0,2567699000.0,,8410490000.0,372000000.0,2710000000.0,4923000000.0,,-5317832000.0,0.0,172603000.0,1443000000.0,7226000000.0,5783000000.0,25289000.0,414000000.0,668000000.0,356000000.0,1029000000.0,7348000.0,-174723000.0,277000.0,175000000.0,7441796000.0,-14000000.0,313000000.0,496737000.0,162000000.0,22000000.0,174723000.0,1442900000.0,123000000.0,337000000.0,910273000.0,140000000.0,1235000000.0,,,302831000.0,-226125000.0,471730000.0,324978000.0,-189371000.0,-88000000.0,210000000.0,-365000000.0,-112000000.0,0.0,,6000.0,,,,,0.0,0.0,0.0,75771000.0,,1442900000.0,
2019-03-31,28912524000.0,7677822000.0,2198000000.0,2198169000.0,3836850000.0,1046945000.0,11767536000.0,9850929000.0,2918587000.0,347880000.0,273568000.0,74312000.0,,413181000.0,169000.0,464908000.0,801867000.0,22874618000.0,9242800000.0,3248827000.0,,1352596000.0,1705711000.0,3632478000.0,1137927000.0,8650023000.0,1705711000.0,,8650023000.0,2757176000.0,2475135000.0,4605596000.0,,-5923305000.0,174000.0,173682000.0,566000000.0,4541000000.0,3975000000.0,80843000.0,-522000000.0,704000000.0,340000000.0,1088000000.0,8762000.0,-157453000.0,547000.0,158000000.0,235829000.0,26000000.0,299000000.0,467577000.0,-679000000.0,23000000.0,157453000.0,-667645000.0,-729000000.0,-521000000.0,23729000.0,-702000000.0,-640000000.0,,,310285000.0,926831000.0,339508000.0,279932000.0,99640000.0,809000000.0,-668000000.0,-306000000.0,-653000000.0,0.0,,0.0,,85257000.0,85257000.0,,0.0,0.0,0.0,77953000.0,,-1598468000.0,
2019-06-30,31872597000.0,10181952000.0,4955000000.0,4954740000.0,3382358000.0,1147100000.0,12172124000.0,10082458000.0,3248310000.0,480833000.0,327358000.0,153475000.0,,400308000.0,,569748000.0,842978000.0,24722136000.0,9588773000.0,3133587000.0,,1459828000.0,1791085000.0,3837762000.0,1328554000.0,9905847000.0,1791085000.0,,9905847000.0,3149701000.0,2655720000.0,5715393000.0,,-6331639000.0,179000.0,179118000.0,921000000.0,6350000000.0,5429000000.0,34829000.0,-167000000.0,647000000.0,324000000.0,1088000000.0,10362000.0,-171979000.0,21000.0,172000000.0,208362000.0,-41000000.0,335000000.0,578572000.0,-389000000.0,19000000.0,171979000.0,-389262000.0,-379000000.0,-217000000.0,498065000.0,-408000000.0,864000000.0,,,331084000.0,-309115000.0,369537000.0,255010000.0,68672000.0,-457000000.0,-389000000.0,-241000000.0,2143000000.0,0.0,,0.0,,63502000.0,63502000.0,,0.0,0.0,0.0,1040296000.0,,-54662000.0,
2019-09-30,32795000000.0,10940000000.0,5338000000.0,5338000000.0,3581000000.0,1128000000.0,15035000000.0,10190000000.0,3528000000.0,537000000.0,351000000.0,186000000.0,,398000000.0,,660000000.0,820000000.0,25313000000.0,10146000000.0,3468000000.0,3485000000.0,1643000000.0,1033000000.0,6061000000.0,1217000000.0,10096000000.0,223000000.0,,11129000000.0,2938000000.0,2676000000.0,6040000000.0,,-6188000000.0,0.0,180000000.0,1191000000.0,6303000000.0,5112000000.0,51328000.0,261000000.0,596000000.0,334000000.0,930000000.0,15000000.0,-185000000.0,15000000.0,185000000.0,-353399000.0,85000000.0,353000000.0,78000000.0,169000000.0,26000000.0,185000000.0,150000000.0,29000000.0,354000000.0,432000000.0,143000000.0,756000000.0,,,296631000.0,207284000.0,476000000.0,385058000.0,-18312000.0,133000000.0,150000000.0,-486000000.0,118000000.0,0.0,,0.0,,,,,0.0,0.0,-432000.0,70751000.0,,503000000.0,
2019-12-31,34309000000.0,12103000000.0,6268000000.0,6268000000.0,3552000000.0,1324000000.0,15251000000.0,10396000000.0,3734000000.0,537000000.0,339000000.0,198000000.0,,1000000.0,,959000000.0,1470000000.0,26199000000.0,10667000000.0,3771000000.0,3842000000.0,1399000000.0,785000000.0,6050000000.0,1232000000.0,10402000000.0,228000000.0,,11187000000.0,260000000.0,2691000000.0,6618000000.0,,-6083000000.0,1000000.0,181000000.0,1391000000.0,7384000000.0,5993000000.0,26000000.0,359000000.0,699000000.0,345000000.0,1032000000.0,10000000.0,-170000000.0,10000000.0,170000000.0,-131000000.0,-25000000.0,383000000.0,133000000.0,147000000.0,42000000.0,170000000.0,1391000000.0,189000000.0,317000000.0,450000000.0,105000000.0,1425000000.0,671000000.0,,654000000.0,144000000.0,566000000.0,412000000.0,217000000.0,-56000000.0,132000000.0,-403000000.0,-79000000.0,0.0,,0.0,,,,,0.0,0.0,0.0,96000000.0,,1391000000.0,
2020-03-31,37250000000.0,14893000000.0,8080000000.0,8080000000.0,4494000000.0,1283000000.0,14356000000.0,10638000000.0,4072000000.0,516000000.0,323000000.0,193000000.0,,,,1045000000.0,1373000000.0,26518000000.0,11986000000.0,3970000000.0,3915000000.0,2851000000.0,2256000000.0,5994000000.0,1187000000.0,9479000000.0,229000000.0,,11735000000.0,184000000.0,2667000000.0,9173000000.0,,-6104000000.0,0.0,185000000.0,1234000000.0,5985000000.0,4751000000.0,45000000.0,283000000.0,627000000.0,324000000.0,951000000.0,10000000.0,-169000000.0,10000000.0,169000000.0,-26000000.0,-54000000.0,371000000.0,553000000.0,18000000.0,2000000.0,169000000.0,68000000.0,-61000000.0,187000000.0,792000000.0,16000000.0,-440000000.0,,,-229000000.0,1109000000.0,417000000.0,455000000.0,14000000.0,-981000000.0,68000000.0,-480000000.0,2708000000.0,0.0,,0.0,,,,,2309000000.0,0.0,0.0,2469000000.0,,1788000000.0,
2020-06-30,38135000000.0,15336000000.0,8615000000.0,8615000000.0,4018000000.0,1495000000.0,14845000000.0,11009000000.0,4430000000.0,508000000.0,312000000.0,196000000.0,,,,1218000000.0,1415000000.0,26754000000.0,12270000000.0,3638000000.0,3938000000.0,3317000000.0,2722000000.0,6253000000.0,1169000000.0,9247000000.0,233000000.0,,11969000000.0,179000000.0,2870000000.0,9855000000.0,,-6000000000.0,0.0,186000000.0,1267000000.0,6036000000.0,4769000000.0,43000000.0,327000000.0,661000000.0,279000000.0,940000000.0,8000000.0,-170000000.0,8000000.0,170000000.0,-24000000.0,-15000000.0,356000000.0,567000000.0,125000000.0,21000000.0,170000000.0,129000000.0,177000000.0,295000000.0,894000000.0,104000000.0,964000000.0,,,-51000000.0,-21000000.0,402000000.0,546000000.0,222000000.0,1516000000.0,129000000.0,-566000000.0,123000000.0,0.0,,0.0,,,,,0.0,0.0,0.0,57000000.0,,485000000.0,
2020-09-30,45691000000.0,21744000000.0,14531000000.0,14531000000.0,4218000000.0,1766000000.0,15478000000.0,11848000000.0,4814000000.0,521000000.0,318000000.0,203000000.0,,,,1238000000.0,1436000000.0,28143000000.0,13302000000.0,4958000000.0,4221000000.0,2766000000.0,2406000000.0,6514000000.0,1131000000.0,9428000000.0,2766000000.0,,11834000000.0,173000000.0,3049000000.0,16031000000.0,,-5669000000.0,1000000.0,948000000.0,2063000000.0,8771000000.0,6708000000.0,41000000.0,809000000.0,888000000.0,366000000.0,1254000000.0,6000000.0,-163000000.0,6000000.0,163000000.0,-161000000.0,-97000000.0,403000000.0,584000000.0,517000000.0,186000000.0,163000000.0,369000000.0,496000000.0,680000000.0,1393000000.0,331000000.0,2400000000.0,,,1424000000.0,459000000.0,455000000.0,1010000000.0,314000000.0,67000000.0,369000000.0,-1039000000.0,4450000000.0,0.0,,0.0,,,,,4973000000.0,0.0,0.0,5117000000.0,,772000000.0,
2020-12-31,52148000000.0,26717000000.0,19384000000.0,19384000000.0,4101000000.0,1895000000.0,18134000000.0,12747000000.0,5117000000.0,520000000.0,313000000.0,207000000.0,,,,1346000000.0,1536000000.0,28418000000.0,14248000000.0,6051000000.0,4668000000.0,1758000000.0,1384000000.0,6962000000.0,1094000000.0,8462000000.0,2132000000.0,,9846000000.0,264000000.0,3330000000.0,22225000000.0,,-5399000000.0,1000000.0,960000000.0,2066000000.0,10744000000.0,8678000000.0,149000000.0,575000000.0,969000000.0,522000000.0,1491000000.0,6000000.0,-246000000.0,6000000.0,246000000.0,-125000000.0,44000000.0,440000000.0,618000000.0,353000000.0,83000000.0,351000000.0,2066000000.0,508000000.0,599000000.0,1193000000.0,270000000.0,3019000000.0,,,1774000000.0,122000000.0,875000000.0,1156000000.0,102000000.0,-180000000.0,296000000.0,-1047000000.0,2692000000.0,0.0,,0.0,,,,,4987000000.0,0.0,0.0,5043000000.0,,2066000000.0,
2021-03-31,52972000000.0,24705000000.0,17141000000.0,17141000000.0,4132000000.0,1900000000.0,17884000000.0,13868000000.0,5389000000.0,505000000.0,299000000.0,206000000.0,,1331000000.0,,1542000000.0,1587000000.0,28507000000.0,14877000000.0,6648000000.0,4886000000.0,1415000000.0,1011000000.0,6941000000.0,1034000000.0,8019000000.0,1415000000.0,,9030000000.0,273000000.0,3283000000.0,23017000000.0,,-4750000000.0,1000000.0,963000000.0,2215000000.0,10389000000.0,8174000000.0,75000000.0,594000000.0,1056000000.0,666000000.0,1621000000.0,10000000.0,-99000000.0,10000000.0,99000000.0,-2000000.0,28000000.0,424000000.0,621000000.0,507000000.0,69000000.0,99000000.0,464000000.0,218000000.0,606000000.0,1215000000.0,438000000.0,1641000000.0,,,857000000.0,-441000000.0,426000000.0,2848000000.0,-24000000.0,106000000.0,464000000.0,-2582000000.0,-1016000000.0,0.0,,0.0,,,,,0.0,0.0,0.0,183000000.0,,-1957000000.0,
2021-06-30,55146000000.0,24693000000.0,16229000000.0,16229000000.0,4733000000.0,2140000000.0,19781000000.0,15665000000.0,5824000000.0,486000000.0,283000000.0,203000000.0,,1311000000.0,,1602000000.0,1626000000.0,28896000000.0,16371000000.0,7558000000.0,5141000000.0,1082000000.0,634000000.0,7054000000.0,993000000.0,6878000000.0,1082000000.0,,7512000000.0,292000000.0,3336000000.0,24804000000.0,,-3608000000.0,1000000.0,984000000.0,2884000000.0,11958000000.0,9074000000.0,36000000.0,1312000000.0,973000000.0,576000000.0,1572000000.0,11000000.0,-75000000.0,11000000.0,75000000.0,1000000.0,45000000.0,461000000.0,681000000.0,1257000000.0,115000000.0,75000000.0,1178000000.0,1205000000.0,1332000000.0,1993000000.0,1142000000.0,2124000000.0,,,1061000000.0,1831000000.0,462000000.0,1505000000.0,307000000.0,581000000.0,1178000000.0,-1515000000.0,-1549000000.0,0.0,,0.0,,,,,0.0,0.0,0.0,70000000.0,,1639000000.0,
2021-09-30,57834000000.0,25002000000.0,16065000000.0,16095000000.0,5199000000.0,1973000000.0,21886000000.0,17298000000.0,6232000000.0,470000000.0,269000000.0,201000000.0,30000000.0,1260000000.0,30000000.0,1746000000.0,1854000000.0,29340000000.0,18051000000.0,8260000000.0,5386000000.0,1207000000.0,698000000.0,7479000000.0,999000000.0,5439000000.0,1716000000.0,,6137000000.0,301000000.0,3486000000.0,27053000000.0,,-1990000000.0,1000000.0,1004000000.0,3660000000.0,13757000000.0,10097000000.0,35000000.0,2004000000.0,994000000.0,611000000.0,1656000000.0,10000000.0,-126000000.0,10000000.0,126000000.0,-7000000.0,-6000000.0,495000000.0,761000000.0,1841000000.0,223000000.0,126000000.0,1659000000.0,1532000000.0,1967000000.0,2765000000.0,1618000000.0,3147000000.0,,,1545000000.0,964000000.0,496000000.0,1819000000.0,-135000000.0,488000000.0,1659000000.0,-1855000000.0,-1381000000.0,0.0,,0.0,,,,,0.0,0.0,0.0,192000000.0,,2154000000.0,
2021-12-31,62131000000.0,27100000000.0,17576000000.0,17707000000.0,5757000000.0,1924000000.0,25281000000.0,18884000000.0,6731000000.0,457000000.0,257000000.0,200000000.0,131000000.0,,131000000.0,1723000000.0,2138000000.0,30548000000.0,19705000000.0,10025000000.0,5881000000.0,1088000000.0,587000000.0,8260000000.0,991000000.0,4254000000.0,1088000000.0,,4841000000.0,310000000.0,3546000000.0,30189000000.0,,329000000.0,3000000.0,1033000000.0,4847000000.0,17719000000.0,12872000000.0,149000000.0,2613000000.0,1494000000.0,740000000.0,2234000000.0,25000000.0,-71000000.0,25000000.0,71000000.0,-47000000.0,68000000.0,530000000.0,848000000.0,2613000000.0,292000000.0,71000000.0,2343000000.0,2255000000.0,2684000000.0,3554000000.0,2321000000.0,4585000000.0,,,2384000000.0,-5755000000.0,997000000.0,1810000000.0,-278000000.0,534000000.0,2343000000.0,-1916000000.0,-1257000000.0,0.0,,0.0,,,,,0.0,0.0,0.0,262000000.0,,1412000000.0,
2022-03-31,66038000000.0,29050000000.0,17505000000.0,18013000000.0,6691000000.0,2321000000.0,25534000000.0,20027000000.0,7266000000.0,454000000.0,254000000.0,200000000.0,18521000000.0,,508000000.0,2035000000.0,2634000000.0,30632000000.0,21455000000.0,11171000000.0,3781560000.0,1168000000.0,677000000.0,8738000000.0,900000000.0,2253000000.0,1168000000.0,,2930000000.0,309000000.0,3839000000.0,34085000000.0,,3649000000.0,1000000.0,1036000000.0,5460000000.0,18756000000.0,13296000000.0,197000000.0,3603000000.0,992000000.0,865000000.0,1857000000.0,28000000.0,-61000000.0,28000000.0,61000000.0,-30000000.0,56000000.0,551000000.0,880000000.0,3664000000.0,346000000.0,61000000.0,3280000000.0,3214000000.0,3725000000.0,4483000000.0,3318000000.0,3995000000.0,,,1598000000.0,1942000000.0,552000000.0,1767000000.0,409000000.0,633000000.0,3280000000.0,-2167000000.0,-1914000000.0,0.0,,0.0,,,,,0.0,0.0,0.0,202000000.0,,-86000000.0,
2022-06-30,68513000000.0,31222000000.0,18324000000.0,18915000000.0,8108000000.0,2089000000.0,26936000000.0,21093000000.0,7787000000.0,437000000.0,241000000.0,196000000.0,19506000000.0,,591000000.0,2118000000.0,2952000000.0,30855000000.0,21821000000.0,11212000000.0,6728000000.0,1057000000.0,582000000.0,8761000000.0,803000000.0,2095000000.0,1057000000.0,,2677000000.0,337000000.0,3926000000.0,36376000000.0,,5908000000.0,1000000.0,1041000000.0,4234000000.0,16934000000.0,12700000000.0,82000000.0,2464000000.0,961000000.0,667000000.0,1770000000.0,26000000.0,-44000000.0,26000000.0,44000000.0,82000000.0,28000000.0,578000000.0,922000000.0,2464000000.0,205000000.0,44000000.0,2269000000.0,1832000000.0,2508000000.0,3386000000.0,2259000000.0,2351000000.0,,,957000000.0,2058000000.0,578000000.0,3230000000.0,-176000000.0,1559000000.0,2269000000.0,-884000000.0,-406000000.0,0.0,,0.0,,,,,0.0,0.0,0.0,43000000.0,,2847000000.0,
2022-09-30,74426000000.0,35990000000.0,19532000000.0,21107000000.0,10327000000.0,2198000000.0,28067000000.0,21926000000.0,8321000000.0,419000000.0,228000000.0,191000000.0,22682000000.0,,1575000000.0,2364000000.0,3236000000.0,33302000000.0,24611000000.0,13897000000.0,6993000000.0,979000000.0,501000000.0,9168000000.0,678000000.0,1418000000.0,979000000.0,,1919000000.0,342000000.0,4330000000.0,39851000000.0,,9198000000.0,3000000.0,3158000000.0,5382000000.0,21454000000.0,16072000000.0,97000000.0,3688000000.0,961000000.0,733000000.0,1694000000.0,86000000.0,-53000000.0,33000000.0,53000000.0,21454000000.0,-85000000.0,620000000.0,956000000.0,3597000000.0,305000000.0,53000000.0,3331000000.0,2827000000.0,3650000000.0,4644000000.0,3292000000.0,5100000000.0,,,3976000000.0,3363000000.0,620000000.0,303000000.0,193000000.0,2300000000.0,3331000000.0,-2791000000.0,-712000000.0,0.0,,0.0,,,,,0.0,0.0,0.0,229000000.0,,1597000000.0,
2022-12-31,82338000000.0,40917000000.0,16253000000.0,22185000000.0,12839000000.0,2959000000.0,32209000000.0,23548000000.0,9041000000.0,409000000.0,215000000.0,194000000.0,22185000000.0,,5932000000.0,2941000000.0,3865000000.0,36440000000.0,26709000000.0,15255000000.0,7464000000.0,1016000000.0,530000000.0,10866000000.0,568000000.0,1029000000.0,1016000000.0,,1559000000.0,354000000.0,5330000000.0,44704000000.0,,12885000000.0,3000000.0,3164000000.0,5777000000.0,24318000000.0,18541000000.0,143000000.0,3901000000.0,1032000000.0,810000000.0,1876000000.0,157000000.0,-33000000.0,157000000.0,33000000.0,-80000000.0,-42000000.0,670000000.0,989000000.0,3963000000.0,276000000.0,33000000.0,3707000000.0,4268000000.0,3996000000.0,4890000000.0,3687000000.0,3278000000.0,,,2533000000.0,4194000000.0,1162000000.0,1858000000.0,698000000.0,1973000000.0,3707000000.0,-6131000000.0,-495000000.0,0.0,,0.0,,,,,0.0,0.0,0.0,67000000.0,,,
2023-03-31,86833000000.0,42997000000.0,16048000000.0,22402000000.0,14375000000.0,2999000000.0,32988000000.0,24969000000.0,9754000000.0,399000000.0,204000000.0,195000000.0,22402000000.0,,6354000000.0,3227000000.0,4584000000.0,37598000000.0,27436000000.0,15904000000.0,7701000000.0,935000000.0,466000000.0,11734000000.0,455000000.0,817000000.0,1404000000.0,,1283000000.0,347000000.0,5979000000.0,48054000000.0,,15398000000.0,3000000.0,3169000000.0,4511000000.0,23329000000.0,18818000000.0,126000000.0,2664000000.0,1076000000.0,771000000.0,1847000000.0,213000000.0,-29000000.0,184000000.0,29000000.0,25000000.0,-48000000.0,722000000.0,1046000000.0,2774000000.0,261000000.0,29000000.0,2539000000.0,2649000000.0,2803000000.0,3710000000.0,2513000000.0,2513000000.0,,,1523000000.0,2380000000.0,722000000.0,2072000000.0,32000000.0,1540000000.0,2539000000.0,-2484000000.0,-233000000.0,0.0,,0.0,,,,,0.0,0.0,0.0,231000000.0,,-204000000.0,
2023-06-30,90591000000.0,43875000000.0,15296000000.0,23075000000.0,14356000000.0,3447000000.0,35431000000.0,26389000000.0,10482000000.0,465000000.0,202000000.0,263000000.0,23075000000.0,,7779000000.0,2997000000.0,5026000000.0,38409000000.0,27592000000.0,15273000000.0,8367000000.0,1015000000.0,571000000.0,13244000000.0,368000000.0,504000000.0,1459000000.0,,1075000000.0,370000000.0,6924000000.0,51130000000.0,,18101000000.0,3000000.0,3174000000.0,4533000000.0,24927000000.0,20394000000.0,57000000.0,2399000000.0,1191000000.0,943000000.0,2134000000.0,238000000.0,-28000000.0,238000000.0,28000000.0,258000000.0,328000000.0,816000000.0,1154000000.0,3026000000.0,323000000.0,28000000.0,2614000000.0,2518000000.0,3054000000.0,3553000000.0,2703000000.0,3065000000.0,,,1696000000.0,2099000000.0,816000000.0,2060000000.0,472000000.0,576000000.0,2614000000.0,-3534000000.0,-328000000.0,0.0,,0.0,,,,,0.0,0.0,0.0,63000000.0,,,
2023-09-30,93941000000.0,45026000000.0,15932000000.0,26077000000.0,13721000000.0,2526000000.0,37524000000.0,27744000000.0,11240000000.0,441000000.0,191000000.0,250000000.0,26077000000.0,,10145000000.0,2708000000.0,5497000000.0,39446000000.0,26640000000.0,13937000000.0,5265000000.0,1552000000.0,1137000000.0,13835000000.0,274000000.0,2152000000.0,1967000000.0,,3289000000.0,434000000.0,7321000000.0,53466000000.0,,19954000000.0,3000000.0,3179000000.0,4178000000.0,23350000000.0,19172000000.0,11000000.0,1764000000.0,1253000000.0,1161000000.0,2414000000.0,282000000.0,-38000000.0,244000000.0,38000000.0,23350000000.0,37000000.0,897000000.0,1235000000.0,2020000000.0,167000000.0,38000000.0,1878000000.0,1571000000.0,2058000000.0,3318000000.0,1853000000.0,3308000000.0,,,-403000000.0,-570000000.0,897000000.0,2460000000.0,-881000000.0,-163000000.0,1878000000.0,-4762000000.0,2263000000.0,0.0,,0.0,,,,,0.0,0.0,0.0,254000000.0,,,
2023-12-31,106618000000.0,49616000000.0,16398000000.0,29094000000.0,13626000000.0,3508000000.0,46472000000.0,29725000000.0,12057000000.0,431000000.0,178000000.0,253000000.0,29094000000.0,,12696000000.0,3388000000.0,4531000000.0,43009000000.0,28748000000.0,14431000000.0,9651000000.0,1975000000.0,1577000000.0,15250000000.0,175000000.0,2682000000.0,1975000000.0,,4259000000.0,517000000.0,8153000000.0,62634000000.0,,27882000000.0,3000000.0,3185000000.0,4438000000.0,25167000000.0,20729000000.0,102000000.0,2064000000.0,1280000000.0,1094000000.0,2374000000.0,333000000.0,-61000000.0,333000000.0,61000000.0,24994000000.0,-145000000.0,890000000.0,1232000000.0,2176000000.0,-5752000000.0,61000000.0,7943000000.0,8477000000.0,2237000000.0,3484000000.0,7928000000.0,4370000000.0,,,1321000000.0,524000000.0,1396000000.0,2306000000.0,963000000.0,-758000000.0,7943000000.0,-4804000000.0,887000000.0,,,,,,,,,,,152000000.0,,,
2024-03-31,109226000000.0,50535000000.0,11805000000.0,26863000000.0,16033000000.0,3892000000.0,47905000000.0,31436000000.0,12852000000.0,421000000.0,171000000.0,250000000.0,26863000000.0,184000000.0,15058000000.0,3752000000.0,4616000000.0,44046000000.0,29453000000.0,14725000000.0,6238000000.0,2135000000.0,1809000000.0,15701000000.0,160000000.0,2739000000.0,2135000000.0,,4548000000.0,566000000.0,8480000000.0,64378000000.0,,29011000000.0,3000000.0,3189000000.0,3696000000.0,21301000000.0,17605000000.0,68000000.0,1171000000.0,1374000000.0,1151000000.0,2525000000.0,350000000.0,-76000000.0,350000000.0,76000000.0,21364000000.0,108000000.0,929000000.0,1246000000.0,1538000000.0,409000000.0,76000000.0,1144000000.0,873000000.0,1614000000.0,2875000000.0,1129000000.0,242000000.0,,,1442000000.0,4091000000.0,929000000.0,2773000000.0,422000000.0,2697000000.0,1144000000.0,-5084000000.0,196000000.0,,,,,,,,,,,251000000.0,,,
2024-06-30,112832000000.0,52977000000.0,14635000000.0,30720000000.0,14195000000.0,3742000000.0,49373000000.0,32902000000.0,13648000000.0,413000000.0,164000000.0,249000000.0,30720000000.0,184000000.0,16085000000.0,3951000000.0,4458000000.0,45569000000.0,27729000000.0,13056000000.0,6150000000.0,2024000000.0,1784000000.0,16524000000.0,143000000.0,5338000000.0,2024000000.0,,7122000000.0,1022000000.0,9002000000.0,66468000000.0,,30489000000.0,3000000.0,3194000000.0,4578000000.0,25500000000.0,20922000000.0,78000000.0,1605000000.0,1277000000.0,1074000000.0,2973000000.0,348000000.0,-86000000.0,348000000.0,86000000.0,25500000000.0,20000000.0,981000000.0,1278000000.0,1871000000.0,393000000.0,86000000.0,1494000000.0,1410000000.0,1957000000.0,3251000000.0,1478000000.0,3612000000.0,,,-1087000000.0,-1262000000.0,981000000.0,2270000000.0,-137000000.0,-1783000000.0,1494000000.0,-3225000000.0,2540000000.0,,,,,,,,,,,197000000.0,,,
2024-09-30,119852000000.0,56379000000.0,18111000000.0,33648000000.0,14530000000.0,3318000000.0,53249000000.0,36116000000.0,14694000000.0,411000000.0,158000000.0,253000000.0,33648000000.0,184000000.0,15537000000.0,4888000000.0,4989000000.0,49142000000.0,30577000000.0,14654000000.0,6381000000.0,2115000000.0,1939000000.0,17580000000.0,130000000.0,5275000000.0,2115000000.0,,7214000000.0,1543000000.0,9810000000.0,69931000000.0,,32656000000.0,3000000.0,3207000000.0,4997000000.0,25182000000.0,20185000000.0,101000000.0,2717000000.0,1186000000.0,1039000000.0,2280000000.0,429000000.0,337000000.0,429000000.0,92000000.0,25182000000.0,-270000000.0,1050000000.0,1348000000.0,2768000000.0,601000000.0,92000000.0,2183000000.0,2620000000.0,2717000000.0,4224000000.0,2167000000.0,6255000000.0,,,2380000000.0,773000000.0,1050000000.0,3513000000.0,-429000000.0,193000000.0,2183000000.0,-2875000000.0,132000000.0,,,,,,,,,,,340000000.0,,,
2024-12-31,122070000000.0,58360000000.0,16139000000.0,36563000000.0,12017000000.0,4418000000.0,52904000000.0,35836000000.0,15588000000.0,394000000.0,150000000.0,244000000.0,36563000000.0,,20424000000.0,5362000000.0,4215000000.0,48390000000.0,28821000000.0,12474000000.0,10084000000.0,2343000000.0,2230000000.0,18637000000.0,222000000.0,5535000000.0,2343000000.0,,7765000000.0,1549000000.0,10495000000.0,72913000000.0,,35209000000.0,3000000.0,3216000000.0,4179000000.0,25707000000.0,21528000000.0,88000000.0,1583000000.0,1313000000.0,1276000000.0,2596000000.0,442000000.0,346000000.0,442000000.0,96000000.0,25977000000.0,837000000.0,1160000000.0,1496000000.0,2751000000.0,434000000.0,96000000.0,2332000000.0,1661000000.0,1583000000.0,4358000000.0,2317000000.0,4814000000.0,,,1355000000.0,-183000000.0,1569000000.0,2783000000.0,1227000000.0,-2044000000.0,2332000000.0,-7603000000.0,985000000.0,,,,,,,,,,,453000000.0,,,
