fiscal_date_ending,total_assets,total_current_assets,cash_and_cash_equivalents,cash_and_short_term_investments,inventory,current_net_receivables,total_non_current_assets,property_plant_equipment,accumulated_depreciation_amortization_ppe,intangible_assets,intangible_assets_excluding_goodwill,goodwill,investments,long_term_investments,short_term_investments,other_current_assets,other_non_current_assets,total_liabilities,total_current_liabilities,current_accounts_payable,deferred_revenue,current_debt,short_term_debt,total_non_current_liabilities,capital_lease_obligations,long_term_debt,current_long_term_debt,long_term_debt_non_current,short_long_term_debt_total,other_current_liabilities,other_non_current_liabilities,total_shareholder_equity,treasury_stock,retained_earnings,common_stock,common_stock_shares_outstanding,gross_profit,total_revenue,cost_of_revenue,cost_of_goods_and_services_sold,operating_income,selling_general_and_administrative,research_and_development,operating_expenses,investment_income_net,net_interest_income,interest_income,interest_expense,non_interest_income,other_non_operating_income,depreciation,depreciation_and_amortization,income_before_tax,income_tax_expense,interest_and_debt_expense,net_income_from_continuing_operations,comprehensive_income_net_of_tax,ebit,ebitda,net_income,operating_cashflow,payments_for_operating_activities,proceeds_from_operating_activities,change_in_operating_liabilities,change_in_operating_assets,depreciation_depletion_and_amortization,capital_expenditures,change_in_receivables,change_in_inventory,profit_loss,cashflow_from_investment,cashflow_from_financing,proceeds_from_repayments_of_short_term_debt,payments_for_repurchase_of_common_stock,payments_for_repurchase_of_equity,payments_for_repurchase_of_preferred_stock,dividend_payout,dividend_payout_common_stock,dividend_payout_preferred_stock,proceeds_from_issuance_of_common_stock,proceeds_from_issuance_of_long_term_debt_and_capital_securities_net,proceeds_from_issuance_of_preferred_stock,proceeds_from_repurchase_of_equity,proceeds_from_sale_of_treasury_stock,change_in_cash_and_cash_equivalents,change_in_exchange_rate
2004-12-31,500253548760.0,184754351880.0,74421550560.0,74421550560.0,15594294240.0,,315499196880.0,8157258000.0,,7131537000.0,7131537000.0,224181000.0,,,54199681200.0,403207000.0,,100570519560.0,64025354400.0,,,,10903327680.0,36545165160.0,,692539000.0,,,32361330120.0,388916000.0,,12569795000.0,-50258000.0,113914417680.0,7325759000.0,5097031307.0,33139435780.2,65831490091.56,32692054311.36,32692054311.36,22938070167.66,6582594626.88,3618770985.66,42893419923.9,,,,56938000.0,,,,23571262013.64,22541101615.32,97628947.98,,0.0,,22541135571.18,46112397584.82,22443506623.2,46642624626.66,,,,,23571262013.64,2554963000.0,,-1704767508.84,,,-11784649608.24,,,,,152341922.22,152341922.22,,,,,-20335170.12,,,
2005-03-31,500253548760.0,184754351880.0,74421550560.0,74421550560.0,15594294240.0,,315499196880.0,8307000000.0,,7131537000.0,7131537000.0,,,,54199681200.0,2187004680.0,,100570519560.0,64025354400.0,,,,10903327680.0,36545165160.0,,678000000.0,,,32361330120.0,46890411120.0,,399619637760.0,-50000000.0,113914417680.0,232900150560.0,5131804697.0,33139435780.2,65831490091.56,32692054311.36,32692054311.36,22938070167.66,4400000.0,3618770985.66,42893419923.9,,,,3020434900.62,,,,23571262013.64,22541101615.32,97628947.98,,0.0,,25561570471.8,49132832485.44,22443506623.2,46642624626.0,,,,,23571262013.0,39245081026.0,,-1704767508.84,,,-11784649608.24,,,,,152341922.22,152341922.22,,,,,-20335170.12,,,
2005-06-30,499432157891.0,181826869270.0,78597374360.0,78597374360.0,14113607764.0,,317605288621.0,8128000000.0,,1741962046.0,1741962046.0,,,,49408608187.0,1682246855.0,,115232216572.0,86724209901.0,,,,10500000126.0,28508006671.0,,647000000.0,,,30000000360.0,70543260340.0,,384199941319.0,-49000000.0,84383323797.0,247261300435.0,5420197607.0,22966076224.96,58417880447.85,35451804222.89,35451804222.89,16191139434.8,3288386115.41,3486550674.75,42226741013.05,,,,1696993691.25,,,,17664893957.98,17103924255.88,-501898740.2,,0.0,,15406930564.63,33071824522.61,17605822996.08,27663292284.0,,,,,17664893957.0,12972922664.59,,-685803128.05,,,997595047.0,,,,,,,,,,,,,,
2005-09-30,484164151063.0,165415561229.0,58595380133.0,58595380133.0,15103074522.0,,318748589833.0,7573000000.0,,1658492242.0,1658492242.0,,,,48928889441.0,1193602036.0,,72152559491.0,42998079767.0,,,,10522998381.0,29154479724.0,,618000000.0,,,30065709660.0,25769299838.0,,412011591571.0,-46000000.0,109109356354.0,247815085357.0,5389379451.0,28508365632.81,64105103946.73,35596738313.92,35596738313.92,23411365032.58,2057211339.12,3039756076.0,40693738914.15,,,,982611107.1,,,,17252277415.7,22894440574.11,-11979824.71,,0.0,,23877051681.21,41129329096.91,22906420398.82,38170415032.0,,,,,17252277415.0,9274247059.31,,-958402524.04,,,-48799907728.23,,,,,,,,,,,,,,
2005-12-31,521064239055.0,212890386840.0,96772432405.0,96772432405.0,17781347005.0,,308173852215.0,7464125000.0,,6028576855.0,6028576855.0,183250000.0,,,47541153915.0,352695000.0,,73490181255.0,35227299895.0,,,,329474815.0,38262881360.0,,632950000.0,,,20552927690.0,650954000.0,,13586290000.0,-27991000.0,143198258660.0,7539640000.0,5164217697.0,43012131124.62,83533993570.33,40521862445.71,40521862445.71,32322276635.28,6626142949.25,4063744725.2,51211716935.05,,,,81174000.0,,,,24355962393.28,35999261004.81,1891951684.83,,0.0,,35941383404.81,60297345798.09,34049431719.98,55636579690.71,,,,,24355962393.28,19649079092.18,,-1112120526.47,,,-10333201475.75,,,,,46419812000.0,46419812000.0,,,,,,,,
2006-03-31,521064239055.0,212890386840.0,96772432405.0,96772432405.0,17781347005.0,,308173852215.0,7441000000.0,,6028576855.0,6028576855.0,,,,47541153915.0,3619783490.0,,73490181255.0,35227299895.0,,,,329474815.0,38262881360.0,,524000000.0,,,21152421240.0,28801221675.0,,446963843740.0,-28000000.0,143198258660.0,248040242560.0,5444880542.0,43012131124.62,83533993570.33,40521862445.71,40521862445.71,32322243750.28,4400000.0,4063744725.2,51211749820.05,,,,5649165537.63,,,,24355962393.28,35999261004.81,1891951684.83,,0.0,,30292217867.18,54648180260.46,34049431719.98,55636579690.0,,,,,24355962393.0,19649079092.18,,-1112120526.47,,,-10333201475.75,,,,,47250386.64,47250386.64,,,,,,,,
2006-06-30,594878859679.0,280225380443.0,141722317009.0,141722317009.0,20089523588.0,,314653479236.0,7751000000.0,,,,5965176197.0,,,68298919938.0,3602963570.0,,146523555597.0,110511688451.0,,,,2510294725.0,36011867145.0,,525000000.0,,,20791997565.0,99308647099.0,,447687167514.0,-28000000.0,136984986854.0,258727569192.0,5331971011.0,40189325703.23,80137089849.96,39947764146.73,39947764146.73,33175869623.49,3086183960.97,3927304543.14,46961220226.47,,,,2272235000.86,,,,16285103204.27,34661456983.78,2071657848.04,,0.0,,33167439287.29,49452542491.56,33368016440.11,47164191279.0,,,,,16285103204.0,21106513297.29,,-1477891396.79,,,90766263.0,,,,,,,,,,,,,,
2006-09-30,550885100395.0,178659436234.0,77754863995.0,77754863995.0,18361842593.0,,372225664161.0,7876000000.0,,,,1567125612.0,,,42746722265.0,-33099.43,,69940088572.0,42790777606.0,,,,2499006965.0,27149310966.0,,514000000.0,,,19492254327.0,33652753171.0,,480945011822.0,-28000000.0,169145633970.0,258155826739.0,5332188581.0,39245630057.27,81392921645.49,42147291588.22,42147291588.22,33020785754.32,2275850607.94,3948960595.58,48372135891.17,,,,1160399816.94,,,,16545857253.18,34575730776.86,2099232049.46,,0.0,,33415330959.92,49961188213.1,32476498727.4,51178871323.0,,,,,16545857253.0,27689662936.6,,11368292.0,,,-64809152484.5,,,,,,,,,,,,,,
2006-12-31,587392961705.0,260275706372.0,117817476029.0,117817476029.0,21427876272.0,,327117255333.0,7796692000.0,,5800124660.0,5800124660.0,5982600492.0,,,77226378900.0,367030000.0,,78334267880.0,46853928363.0,,,,7002510053.0,31480339517.0,,422427000.0,,,20153803945.0,405244000.0,,15622525000.0,-28171000.0,197096708039.0,7925649000.0,5215769100.0,-27156920105.08,11308579547.19,38465499652.27,38465499652.27,-37789251533.42,5760005822.24,4872358705.53,49097831080.61,,,,27327000.0,,,,24901463715.83,27887330237.05,1622667333.33,,0.0,,29554129191.1,54455592906.93,27931461857.77,58826632736.34,,,,,24901463715.83,18803304126.91,,-1591332233.49,,,503094687.97,,,,,61742741000.0,61742741000.0,,,,,,,,
2007-03-31,587392961705.0,260275706372.0,117817476029.0,117817476029.0,21427876272.0,,327117255333.0,7566000000.0,,5800124660.0,5800124660.0,5982600492.0,,,77226378900.0,2355893331.0,,78334267880.0,46853928363.0,,,,7002510053.0,31480339517.0,,378000000.0,,,20766401381.0,31795378115.0,,507901927390.0,-28000000.0,197096708039.0,258255438232.0,5335039316.0,-27156920105.08,11308579547.19,38465499652.27,38465499652.27,28409575367.15,3400000.0,4872358705.53,-17100995819.96,,,,67754521037.76,,,,24901463715.83,27887330237.05,1622667333.33,,0.0,,-38200391846.66,-13298928130.83,27931461857.77,58826632736.0,,,,,24901463715.0,18803304126.91,,-1591332233.49,,,503094687.0,,,,,68282778.31,68282778.31,,,,,,,,
2007-06-30,638459381337.0,305129022465.0,163654211363.0,163654211363.0,24084033702.0,,333330358872.0,8083000000.0,,5786640124.0,5786640124.0,6017962548.0,,,67872015602.0,3767100783.0,,163824714774.0,132625743188.0,,,,4887950536.0,31198971585.0,,382000000.0,,,19280481040.0,118086452333.0,,471644223265.0,-28000000.0,154257870849.0,264660340017.0,5334922249.0,32232172339.28,75038872956.76,42806700617.48,42806700617.48,24774093057.44,3149912589.52,4308133852.68,50264779899.32,,,,3877704691.2,,,,19478897685.76,28069485252.16,2398311748.84,,0.0,,24045184408.0,43524082093.76,25524577350.36,34613596397.0,,,,,19478897685.0,25333255850.36,,,,,-513357292.36,,,,,,,,,,,,,,
2007-09-30,585094714490.0,249506993450.0,98107909900.0,98107909900.0,24478086490.0,,335587721040.0,8119000000.0,,,,,,,77899636100.0,6746955930.0,,81615350960.0,50781436420.0,,,,4856504510.0,30833914540.0,,383000000.0,,,17340002680.0,33474027730.0,,500154776550.0,-28000000.0,183960479560.0,263685379100.0,5334952050.0,40286171640.0,88003773000.0,47717601360.0,47717601360.0,32007298180.0,3650526880.0,4628346580.0,55996474820.0,,,,2672707180.0,,,,19128324374.24,33865155610.0,3552744910.0,,0.0,,30931696510.0,50060020884.24,30051658780.0,49514413612.0,,,,,19128324374.0,24061418929.64,,,,,-80961435447.64,,,,,,,,,,,,,,
2007-12-31,570895743190.0,249834588882.0,94992537170.0,94992537170.0,23863266934.0,,321061154308.0,8025045000.0,,7923071639.0,7923071639.0,5990140531.0,,,78218846414.0,260809000.0,,80184209252.0,48709215287.0,,,,282156051.0,31474993965.0,,458665000.0,,,14503469656.0,600293000.0,,15019778000.0,-1522818000.0,218875259424.0,8148970000.0,5173348050.0,46008001222.0,96640339245.0,50632338023.0,50632338023.0,37641170580.0,3195955340.0,5170875302.0,58999168665.0,,,,25970000.0,,,,20897201782.0,40326171007.0,4703389853.0,,0.0,,40092015538.0,60989217320.0,35388625685.0,61256832808.0,,,,,20897201782.0,20576762506.0,,,,,-51130630475.0,,,,,,,,,,,,,,
2008-03-31,570895743190.0,249834588882.0,94992537170.0,94992537170.0,23863266934.0,,321061154308.0,8604000000.0,,7923071639.0,7923071639.0,5990140531.0,,,78218846414.0,3145877810.0,,80184209252.0,48709215287.0,,,,282156051.0,31474993965.0,,148000000.0,,,15155347429.0,35908374799.0,,487118098254.0,-30000000.0,218875259424.0,264286167770.0,5616581994.0,46008001222.0,96640339245.0,50632338023.0,50632338023.0,37641170580.0,2700000.0,5170875302.0,58999168665.0,,,,583647393.0,,,,20897201782.0,40326171007.0,4703389853.0,,0.0,,40675662931.0,61572864713.0,35388625685.0,61256832808.0,,,,,20897201782.0,20576762506.0,,-68600000.0,,,-51130630475.0,,,,,958930749.0,958930749.0,,,,,-2947700990.0,,,
2008-06-30,596489038764.0,229103159609.0,146554157419.0,146554157419.0,20789786733.0,,367385879155.0,8638000000.0,,,,1565704271.0,,,12635612002.0,440214880.0,,153827052436.0,142271487701.0,,,,7989557072.0,11555564735.0,,148000000.0,,,12483682925.0,125559228487.0,,442661986327.0,-489000000.0,151754685182.0,261193555570.0,5181924517.0,39298664203.62,85482402066.62,46183737863.0,46183737863.0,30821628799.22,3453722816.96,4956318086.96,54660773267.4,,,,1995841139.54,,,,17075858089.36,32159302855.04,3426372547.5,,0.0,,30163492070.96,47239350160.32,28732960663.0,41335078594.0,,,,,17075858089.0,21330917917.64,,-1802662779.46,,15000000.0,-6859824599.62,,,,,,,,,,,-6708583324.22,,,
2008-09-30,548565831302.0,231743659376.0,112152483114.0,112152483114.0,21760370116.0,,316822171926.0,7852000000.0,,7151154110.0,7151154110.0,5929442982.0,,,45574342304.0,1764357812.0,,83956508648.0,61972690102.0,,,,,21983818546.0,,140000000.0,,,6736527772.0,53587212656.0,,460871572552.0,-514000000.0,170333660360.0,258366582634.0,5257453467.0,42981246600.0,92736246290.0,49754999690.0,49754999690.0,32831507864.0,4184582614.0,5965156122.0,59904738426.0,,,,1491232726.0,,,,24264003828.64,34340082376.0,3648692470.0,,0.0,,32651301290.0,56915305118.64,30493841546.0,61437865777.36,,,,,24264003828.64,11800969012.36,,1869742683.46,,,-104775170064.38,,,,,76779032000.0,76779032000.0,,,,,-23737464199.78,,,
2008-12-31,560439475415.0,253307907720.0,195144848610.0,195144848610.0,14916889835.0,,307131567695.0,7437283000.0,,7144733625.0,7144733625.0,6060705075.0,,,16881280965.0,234881000.0,,78756316625.0,56960772900.0,,,,8330595160.0,21795543725.0,,202772000.0,,,23842058230.0,784512000.0,,14541425000.0,,170517690915.0,7822173000.0,5150784996.0,20898429195.0,66169450938.0,45271021743.0,45271021743.0,12547531141.0,3422725893.0,4928172161.0,53621919797.0,,,,18773000.0,,,,21342194662.0,13654245007.0,508607952.0,,0.0,,13456155161.0,34798349823.0,12947547209.0,64260525873.0,,,,,21342194662.0,11545051720.0,,6970873801.0,,,-913134096.0,,,,,76779032000.0,76779032000.0,,,,,-178287186.0,,,
2009-03-31,560439475415.0,253307907720.0,195144848610.0,195144848610.0,14916889835.0,,307131567695.0,6695000000.0,,7144733625.0,7144733625.0,6060705075.0,,,16881280965.0,1918402040.0,,78756316625.0,56960772900.0,,,,8330595160.0,21795543725.0,,133000000.0,,,24564743930.0,40782812915.0,,477675538090.0,,170517690915.0,256954185570.0,5283007499.0,20898429195.0,66169450938.0,45271021743.0,45271021743.0,12547531141.0,1594563000.0,4928172161.0,53621919797.0,,,,107625000.0,,,,21342194662.0,13654245007.0,508607952.0,,0.0,,12301183041.0,33643377703.0,12947547209.0,64260525873.0,,,,,21342194662.0,11545051720.0,,6970873801.0,,240000000.0,-913134096.0,,,,,410075495.0,410075495.0,,,,,-178287186.0,,,
2009-06-30,587543000000.0,309419000000.0,239517000000.0,239517000000.0,18974000000.0,,278124000000.0,6858000000.0,,,,,,,7252000000.0,10292000000.0,,150190000000.0,129630000000.0,,,,309000000.0,20560000000.0,,137000000.0,,,4809000000.0,119216000000.0,,433761000000.0,,118665000000.0,258964000000.0,5214744000.0,34295714000.0,74211714000.0,39916000000.0,39916000000.0,25126575000.0,2881000000.0,5096000000.0,49085139000.0,,,,2520000000.0,,,,20052537000.0,26389000000.0,1943000000.0,,0.0,,23865000000.0,43917537000.0,24442000000.0,24523667000.0,,,,,20052537000.0,7362677000.0,,-4198740000.0,,64000000.0,-336997000.0,,,,,,,,,,,,,,
2009-09-30,541897118000.0,244240939000.0,156935077000.0,156935077000.0,19176052000.0,,297656179000.0,7355000000.0,,6060452000.0,6060452000.0,5954477000.0,,,23384048000.0,3349411000.0,,75270447000.0,55008722000.0,,,,,20261725000.0,,140000000.0,,,14967865000.0,45414875000.0,,462885298000.0,,149216633000.0,259006623000.0,5291086952.0,42857911000.0,89935791000.0,47077880000.0,47077880000.0,31984012000.0,3540976000.0,6201333000.0,57951779000.0,,,,1263238000.0,,,,20001339000.0,32957674000.0,2284863000.0,,0.0,,31572412000.0,51573751000.0,30550787000.0,46655044000.0,,,,,20001339000.0,32038370000.0,,,,,-76981851000.0,,,,,76876312000.0,76876312000.0,,,,,,,,
2009-12-31,594696200000.0,259803700000.0,171276300000.0,171276300000.0,20913800000.0,,334892500000.0,8565721000.0,,6458600000.0,6458600000.0,5931300000.0,,,26370800000.0,237534000.0,,95647700000.0,79133300000.0,,,,949300000.0,16514400000.0,,181099000.0,,,11630300000.0,924992000.0,,15495546000.0,,181882700000.0,8107265000.0,5180693000.0,44694689000.0,92094409000.0,47399720000.0,47399720000.0,33641888000.0,3268524000.0,6567067000.0,58452521000.0,,,,93573000.0,,,,20277361000.0,35367926000.0,2507537000.0,,0.0,,35267123000.0,55544484000.0,32666013000.0,61999356000.0,,,,,20277361000.0,42714530000.0,,-1737793000.0,,,-277349000.0,,,,,76876312000.0,76876312000.0,,,,,,,,
2010-03-31,594696200000.0,259803700000.0,171276300000.0,171276300000.0,20913800000.0,,334892500000.0,9443089000.0,,6458600000.0,6458600000.0,5931300000.0,,,26370800000.0,5739200000.0,,95647700000.0,79133300000.0,,,,949300000.0,16514400000.0,,180290000.0,,,12337800000.0,69030500000.0,,495082700000.0,,181882700000.0,259027100000.0,5165253582.0,44786966000.0,92186686000.0,47399720000.0,47399720000.0,33641888000.0,3268524000.0,6567067000.0,58544798000.0,,,,93573000.0,,,,20277361000.0,35367926000.0,2507537000.0,,0.0,,37501388000.0,57778749000.0,32666013000.0,61999356000.0,,,,,20277361000.0,42714530000.0,,-1737793000.0,,,-277349000.0,,,,,12000.0,12000.0,,,,,,,,
2010-06-30,680775592000.0,286614852000.0,172486218000.0,172486218000.0,24799896000.0,,394160740000.0,10178814000.0,,6162111000.0,6162111000.0,5965104000.0,,,35529865000.0,5241022000.0,,183902855000.0,166265301000.0,,,,19149447000.0,17637554000.0,,174846000.0,,,31754966000.0,135563761000.0,,492684384000.0,,178119595000.0,259050172000.0,5183379200.0,51926109000.0,104962317000.0,53036208000.0,53036208000.0,40468693000.0,2931179000.0,7190051000.0,64493624000.0,,,,97501000.0,,,,21131133000.0,42410131000.0,1943896000.0,,0.0,,41426134000.0,62557267000.0,40281916000.0,48925669000.0,,,,,21131133000.0,53522758000.0,,-2105663000.0,,,17616321000.0,,,,,,,,,,,,,,
2010-09-30,667552049000.0,246637178000.0,132268758000.0,132268758000.0,26663415000.0,,420914871000.0,11195230000.0,,6218321000.0,6218321000.0,5835954000.0,,,35956740000.0,4162150000.0,,126647972000.0,109235939000.0,,,,38780945000.0,17412033000.0,,178583000.0,,,44350944000.0,58980026000.0,,536523632000.0,,225059122000.0,259073440000.0,5184110800.0,56124775000.0,112246699000.0,56121924000.0,56121924000.0,43065502000.0,3575355000.0,8034839000.0,69181197000.0,,,,117288000.0,,,,22372015000.0,49675179000.0,2551723000.0,,0.0,,44381196000.0,66753211000.0,46939527000.0,63951929000.0,,,,,22372015000.0,42763655000.0,,-1863519000.0,,,-58107992000.0,,,,,77708120000.0,77708120000.0,,,,,,,,
2010-12-31,718928900000.0,261519300000.0,147887000000.0,147887000000.0,28405900000.0,,457409600000.0,13330268000.0,,6027100000.0,6027100000.0,5704900000.0,,,34708800000.0,289372000.0,,140224500000.0,123191100000.0,,,,31455300000.0,17033400000.0,,188627000.0,,,36256900000.0,1001613000.0,,19702982000.0,,265779600000.0,8891585000.0,5182501200.0,54817225000.0,110142198000.0,55324973000.0,55324973000.0,41513443000.0,3825487000.0,8071970000.0,68628755000.0,,,,123165000.0,,,,23304282000.0,42882314000.0,2015420000.0,,0.0,,42859025000.0,66163307000.0,40720440000.0,70563933000.0,,,,,23304282000.0,44522008000.0,,-1742436000.0,,,-7302362000.0,,,,,77708120000.0,77708120000.0,,,,,,,,
2011-03-31,718928900000.0,261519300000.0,147887000000.0,147887000000.0,28405900000.0,,457409600000.0,14849979000.0,,6027100000.0,6027100000.0,5704900000.0,,,34708800000.0,7410700000.0,,140224500000.0,123191100000.0,,,,31455300000.0,17033400000.0,,58468000.0,,,36951900000.0,36749000000.0,,574144900000.0,,265779600000.0,259100800000.0,5185164000.0,50052522000.0,105377495000.0,55324973000.0,55324973000.0,41513443000.0,3825487000.0,8071970000.0,63864052000.0,,,,123165000.0,,,,23304282000.0,42882314000.0,2015420000.0,,0.0,,43482713000.0,66786995000.0,40720440000.0,70563933000.0,,,,,23304282000.0,44522008000.0,,-1742436000.0,,,-7302362000.0,,,,,20000.0,20000.0,,,,,,,,
2011-06-30,783815613000.0,242551808000.0,150978778000.0,150978778000.0,31523206000.0,,541263805000.0,16599076000.0,,5690862000.0,5690862000.0,5487060000.0,,,3999329000.0,8862704000.0,,215453148000.0,205488601000.0,,,,37640881000.0,9964547000.0,,75403000.0,,,39811746000.0,156137142000.0,,563949521000.0,,260277442000.0,259142831000.0,5184711200.0,50855959000.0,110508367000.0,59652408000.0,59652408000.0,37866307000.0,3438514000.0,8493049000.0,72642060000.0,,,,123339000.0,,,,27158116000.0,39054677000.0,3026478000.0,,0.0,,38518902000.0,65677018000.0,35950334000.0,63063355000.0,,,,,27158116000.0,64692278000.0,,264033000.0,,,-1892730000.0,,,,,,,,,,,,,,
2011-09-30,734641087000.0,196936561000.0,114836459000.0,114836459000.0,25692239000.0,,537704526000.0,15532125000.0,,5133989000.0,5133989000.0,5730237000.0,,,6388914000.0,4425780000.0,,133517877000.0,108364557000.0,,,,40550904000.0,25153320000.0,,668108000.0,,,60894791000.0,58650260000.0,,598628198000.0,-2351000.0,290671966000.0,259151492000.0,5185289200.0,44770662000.0,106483616000.0,61712954000.0,61712954000.0,31598074000.0,3472255000.0,8619323000.0,74885542000.0,,,,177453000.0,,,,28347540000.0,32159939000.0,1726436000.0,,0.0,,31598074000.0,59945614000.0,30394524000.0,55208959000.0,,,,,27965271000.0,38048184000.0,,4876862000.0,,,-56887976000.0,,,,,77730236000.0,77730236000.0,,,,,,,,
2011-12-31,774264900000.0,225260400000.0,143472300000.0,143472300000.0,24840600000.0,,549004500000.0,16200030000.0,,5167600000.0,5167600000.0,5694000000.0,,,7767000000.0,288325000.0,,142221400000.0,117006700000.0,,,,30489000000.0,25214700000.0,,675867000.0,,,50076500000.0,984163000.0,,20799257000.0,,322191200000.0,8561685000.0,5183529200.0,46771867000.0,104711122000.0,57939255000.0,57939255000.0,32930039000.0,3910503000.0,8753900000.0,71781083000.0,,,,205986000.0,,,,27741725000.0,33620642000.0,2056136000.0,,0.0,,33840791000.0,61582516000.0,31578669000.0,72836607000.0,,,,,27741725000.0,29771461000.0,,851660000.0,,,-12846448000.0,,,,,77730236000.0,77730236000.0,,,,,-2000.0,,,
2012-03-31,774264900000.0,225260400000.0,143472300000.0,143472300000.0,24840600000.0,,549004500000.0,17285289000.0,,5167600000.0,5167600000.0,5694000000.0,,,7767000000.0,8110500000.0,,142221400000.0,117006700000.0,,,,30489000000.0,25214700000.0,,1264373000.0,,,50947500000.0,75791100000.0,,629593500000.0,,322191200000.0,259162200000.0,5185385800.0,47642449000.0,105581704000.0,57939255000.0,57939255000.0,32930039000.0,3910503000.0,8753900000.0,72651665000.0,,,,205986000.0,,,,27741725000.0,33620642000.0,2056136000.0,,0.0,,33378882000.0,61120607000.0,31578669000.0,72836607000.0,,,,,27741725000.0,29771461000.0,,851660000.0,,,-12846448000.0,,,,,36000.0,36000.0,,,,,-2000.0,,,
2012-06-30,883906053000.0,280880903000.0,178440559000.0,178440559000.0,30780466000.0,,603025150000.0,18394256000.0,,5221454000.0,5221454000.0,5639097000.0,,,8052650000.0,7686473000.0,,253848405000.0,211846915000.0,,,,30897585000.0,42001490000.0,,1250831000.0,,,68286149000.0,166822336000.0,,627465290000.0,,196302944000.0,259207094000.0,5185316400.0,70033097000.0,127972352000.0,57939255000.0,57939255000.0,46872088000.0,4364938000.0,10068390000.0,81100264000.0,,,,197266000.0,,,,32460831000.0,45956931000.0,4157315000.0,,0.0,,48079150000.0,80539981000.0,41843339000.0,69972813000.0,,,,,32460831000.0,59467478000.0,,-3021316000.0,,,-4064437000.0,,,,,,,,,,,,,,
2012-09-30,878651770000.0,245325345000.0,138738113000.0,138738113000.0,33249045000.0,,633326425000.0,19804708000.0,,5328092000.0,5328092000.0,5560762000.0,,,9451010000.0,5318035000.0,,201505713000.0,119052483000.0,,,,29874650000.0,82453230000.0,,2653833000.0,,,107605434000.0,75404725000.0,,674543191000.0,,369032021000.0,259220476000.0,5185411400.0,69165133000.0,141509634000.0,72344501000.0,72344501000.0,52797978000.0,4478517000.0,10656855000.0,88711656000.0,,,,270332000.0,,,,34678053000.0,53762341000.0,4340047000.0,,0.0,,53868524000.0,88546577000.0,49379633000.0,76630960000.0,,,,,34678053000.0,78333589000.0,,-2468579000.0,,,-39290928000.0,,,,,77748668000.0,77748668000.0,,,,,,,,
2012-12-31,955034600000.0,252288600000.0,143410600000.0,143410600000.0,37830500000.0,,702746000000.0,21257471000.0,,5435900000.0,5435900000.0,5523700000.0,,,7980900000.0,387656000.0,,229280900000.0,142435900000.0,,,,34843000000.0,86845000000.0,,2826420000.0,,,116202400000.0,1123411000.0,,24894929000.0,,410601300000.0,8924076000.0,5185189800.0,61948319000.0,131279646000.0,69331327000.0,69331327000.0,46254682000.0,4132621000.0,10504785000.0,85024964000.0,,,,334982000.0,,,,36205009000.0,46247444000.0,4763045000.0,,0.0,,46667293000.0,82872302000.0,41569266000.0,85411373000.0,,,,,36205009000.0,59765720000.0,,-4581437000.0,,,9403080000.0,,,,,77748668000.0,77748668000.0,,,,,,,,
2013-03-31,955034600000.0,252288600000.0,143410600000.0,143410600000.0,37830500000.0,,702746000000.0,22356504000.0,,5435900000.0,5435900000.0,5523700000.0,,,7980900000.0,10787600000.0,,229280900000.0,142435900000.0,,,,34843000000.0,86845000000.0,,4263468000.0,,,116950500000.0,47995300000.0,,723197700000.0,,410601300000.0,259244400000.0,5186097200.0,63433002000.0,132764329000.0,69331327000.0,69331327000.0,46254682000.0,4132621000.0,10504785000.0,86509647000.0,,,,334982000.0,,,,36205009000.0,46247444000.0,4763045000.0,,0.0,,47871742000.0,84076751000.0,41569266000.0,85411373000.0,,,,,36205009000.0,59765720000.0,,-4581437000.0,,,9403080000.0,,,,,32000.0,32000.0,,,,,,,,
2013-06-30,1169885454000.0,352462353000.0,225832646000.0,225832646000.0,38614928000.0,,817423101000.0,23885015000.0,,5491919000.0,5491919000.0,5650404000.0,,,2501864000.0,2739259000.0,,423649183000.0,243631467000.0,,,,31466400000.0,180017716000.0,,5692972000.0,,,202027848000.0,136889761000.0,,745911755000.0,,422022762000.0,259283058000.0,5185898200.0,76422186000.0,155889706000.0,79467520000.0,79467520000.0,57629082000.0,5685570000.0,11941871000.0,98260624000.0,,,,635340000.0,,,,38094641000.0,60016679000.0,8255176000.0,,0.0,,59211960000.0,97306601000.0,51807725000.0,75238656000.0,,,,,38094641000.0,78925885000.0,,-994596000.0,,,41089778000.0,,,,,,,,,,,,,,
2013-09-30,1177540215000.0,338210837000.0,216603697000.0,216603697000.0,36916527000.0,,839329378000.0,24618269000.0,,5796961000.0,5796961000.0,5596319000.0,,,2083571000.0,2740765000.0,,373365454000.0,148284188000.0,,,,18053096000.0,225081266000.0,,7145303000.0,,,229268262000.0,58371394000.0,,803876999000.0,,473974705000.0,259283910000.0,5185896800.0,78890811000.0,162527275000.0,83636464000.0,83636464000.0,59618054000.0,4738276000.0,13357075000.0,102909221000.0,,,,732326000.0,,,,40439432000.0,59349884000.0,7415132000.0,,0.0,,61188040000.0,101627472000.0,51951943000.0,95802107000.0,,,,,40439432000.0,55356990000.0,,1698401000.0,,,-51498796000.0,,,,,77773307000.0,77773307000.0,,,,,,,,
2013-12-31,1262800700000.0,358486700000.0,242695400000.0,242695400000.0,37494900000.0,,904314000000.0,26572775000.0,,5862900000.0,5862900000.0,5627500000.0,,89188791000.0,3149000000.0,116862000.0,,428687700000.0,203974000000.0,,,,15645000000.0,224713700000.0,,7092987000.0,227228855000.0,,226452600000.0,1578582000.0,,27953279000.0,,504531200000.0,8692129000.0,5185769600.0,65277993000.0,145827783000.0,80549790000.0,80549790000.0,48361462000.0,3762434000.0,12002069000.0,97466321000.0,,,,785136000.0,,,,6201000.0,50847023000.0,10229121000.0,,183849700000.0,,51655313000.0,51661514000.0,40641056000.0,102773065000.0,,,,,41151537000.0,74691845000.0,,-578338000.0,,-281054200000.0,-2424402000.0,,,,,77773307000.0,77773307000.0,,,,,124600000.0,,,
2014-03-31,1262800700000.0,358486700000.0,242695400000.0,242695400000.0,37494900000.0,,904314000000.0,27192499000.0,,5862900000.0,5862900000.0,5627500000.0,,,3149000000.0,2984200000.0,,428687700000.0,203974000000.0,,,,15645000000.0,224713700000.0,,6982640000.0,,,227228800000.0,83848500000.0,,833846300000.0,,504531200000.0,259286200000.0,5185980000.0,67683161000.0,148232951000.0,80549790000.0,80549790000.0,48393755000.0,3762434000.0,12002069000.0,99839196000.0,,,,785136000.0,,,,41151537000.0,50847023000.0,10229121000.0,,0.0,,50112022000.0,91263559000.0,40641056000.0,102773065000.0,,,,,41151537000.0,74691845000.0,,-578338000.0,,,-2424402000.0,,,,,7000.0,7000.0,,,,,,,,
2014-06-30,1345044767000.0,459199555000.0,255053573000.0,255053573000.0,50954265000.0,,885845212000.0,28027031000.0,,5798161000.0,5798161000.0,5635146000.0,,,60497343000.0,2931372000.0,,468084473000.0,246635077000.0,,,,34705206000.0,221449396000.0,,7085854000.0,,,246359656000.0,157256610000.0,,876786514000.0,,547980330000.0,259293750000.0,5185998000.0,91192925000.0,183016115000.0,91823190000.0,91823190000.0,70713919000.0,5407864000.0,13609070000.0,112302196000.0,,,,801450000.0,,,,45979114000.0,74098120000.0,14438263000.0,,0.0,,73142288000.0,119121402000.0,59702284000.0,81748863000.0,,,,,45979114000.0,73353965000.0,,-7472996000.0,,,10346753000.0,,,,,,,,,,,,,,
2014-09-30,1349994840000.0,476230199000.0,225884318000.0,225884318000.0,65336989000.0,,873764641000.0,27079826000.0,,6223456000.0,6223456000.0,5718793000.0,,,67450325000.0,2864405000.0,,393436589000.0,172248167000.0,,,,35883358000.0,221188422000.0,,6984578000.0,,,248493906000.0,87262140000.0,,956419607000.0,,624315567000.0,259293750000.0,5186000400.0,105578364000.0,209046528000.0,103468164000.0,103468164000.0,84431984000.0,4611885000.0,15206014000.0,124614544000.0,,,,816054000.0,,,,56232567000.0,85381192000.0,9076586000.0,,0.0,,86210968000.0,142443535000.0,76335237000.0,91245080000.0,,,,,56232567000.0,48946426000.0,,-14382724000.0,,,-78261300000.0,,,,,77785851000.0,77785851000.0,,,,,,,,
2014-12-31,1494853000000.0,626565600000.0,358449000000.0,358449000000.0,66338000000.0,,868287400000.0,25892367000.0,,7642700000.0,7642700000.0,5888800000.0,,29860200000.0,81952000000.0,255644000.0,,472492300000.0,224785200000.0,,,,36158500000.0,247707100000.0,,6788478000.0,359600000.0,,249872300000.0,2765201000.0,,33086978000.0,,681224200000.0,8205589000.0,5186002200.0,110550615000.0,222536168000.0,111985553000.0,111985553000.0,89151537000.0,4257980000.0,15947094000.0,133384631000.0,,,,822216000.0,,,,56417442000.0,89292346000.0,18918987000.0,,254183600000.0,,90134337000.0,146551779000.0,70393134000.0,153668816000.0,,,,,56417442000.0,54015598000.0,,-1029504000.0,,-282420500000.0,27636023000.0,,,,,77785851000.0,77785851000.0,,,,,47000000.0,,,
2015-03-31,1494853000000.0,626565600000.0,358449000000.0,358449000000.0,66338000000.0,,868287400000.0,26031366000.0,,7642700000.0,7642700000.0,5888800000.0,,,81952000000.0,3656100000.0,,472492300000.0,224785200000.0,,,,36158500000.0,247707100000.0,,6851741000.0,,,250674400000.0,139767400000.0,,1022233500000.0,,681224200000.0,259296600000.0,5186090800.0,110048591000.0,222034144000.0,111985553000.0,111985553000.0,88202037000.0,4257980000.0,15947094000.0,133832107000.0,,,,822216000.0,,,,56417442000.0,89292346000.0,18918987000.0,,0.0,,90341593000.0,146759035000.0,70393134000.0,153668816000.0,,,,,56417442000.0,54015598000.0,,-1029504000.0,,,27636023000.0,,,,,49000.0,49000.0,,,,,,,,
2015-06-30,1608853066000.0,731368790000.0,528895107000.0,528895107000.0,66278597000.0,,877484276000.0,26868626000.0,,7137973000.0,7137973000.0,5800534000.0,,,29863993000.0,3028691000.0,,542225511000.0,309379741000.0,,,,5592600000.0,232845770000.0,,6562860000.0,,,208253720000.0,240402629000.0,,1066580381000.0,,746889218000.0,259303805000.0,5186076000.0,99704956000.0,205440763000.0,105735807000.0,105735807000.0,77069058000.0,4463580000.0,16612213000.0,128371705000.0,,,,783401000.0,,,,54623107000.0,98131683000.0,18718779000.0,,0.0,,79419079000.0,134042186000.0,79417514000.0,111067152000.0,,,,,54623107000.0,54252433000.0,,-1678931000.0,,,-13402541000.0,,,,,,,,,,,,,,
2015-09-30,1576218810000.0,693661496000.0,515731398000.0,515731398000.0,65066214000.0,,882557314000.0,25191787000.0,,7145634000.0,7145634000.0,6050658000.0,,,12672120000.0,2844481000.0,,425223866000.0,201689370000.0,,,,33564120000.0,223534496000.0,,5821886000.0,,,225569874000.0,115729421000.0,,1150959166000.0,,822218442000.0,259303805000.0,5186076000.0,102335756000.0,212524180000.0,110188424000.0,110188424000.0,78388924000.0,4296668000.0,16486365000.0,134135256000.0,,,,792941000.0,,,,56148642000.0,83394619000.0,8077319000.0,,0.0,,80318697000.0,136467339000.0,75329224000.0,118139439000.0,,,,,56148642000.0,71371356000.0,,1212383000.0,,,-90475814000.0,,,,,116683481000.0,116683481000.0,,,,,,,,
2015-12-31,1657397400000.0,746744000000.0,562688900000.0,562688900000.0,67052300000.0,,910653400000.0,26028374000.0,,7961100000.0,7961100000.0,6104800000.0,,34872800000.0,27777300000.0,239111000.0,,462427300000.0,239772100000.0,,,,39474000000.0,222655200000.0,,5855370000.0,23517600000.0,,231471600000.0,2188118000.0,,37257448000.0,,866629600000.0,7908016000.0,5186076000.0,98924924000.0,203532960000.0,104608036000.0,104608036000.0,79645795000.0,4130899000.0,15664559000.0,123887165000.0,,,,820016000.0,,,,56255855000.0,80692318000.0,11573530000.0,,302832900000.0,,81507797000.0,137763652000.0,69114251000.0,144672148000.0,,,,,56255855000.0,86149857000.0,,-1926957000.0,,-217245800000.0,5315944000.0,,,,,116683481000.0,116683481000.0,,,,,33900000.0,,,
2016-03-31,1657397400000.0,746744000000.0,562688900000.0,562688900000.0,67052300000.0,,910653400000.0,26236963000.0,,7961100000.0,7961100000.0,6104800000.0,,,27777300000.0,3533400000.0,,462427300000.0,239772100000.0,,,,39474000000.0,222655200000.0,,5630237000.0,,,231471600000.0,155709700000.0,,1194007700000.0,,866629600000.0,259303800000.0,5186092000.0,98887325000.0,203495361000.0,104608036000.0,104608036000.0,77963695000.0,4130899000.0,15664559000.0,125531666000.0,,,,820016000.0,,,,56255855000.0,80692318000.0,11573530000.0,,0.0,,81709036000.0,137964891000.0,69114251000.0,144672148000.0,,,,,56255855000.0,86149857000.0,,-1926957000.0,,,5315944000.0,,,,,19000.0,19000.0,,,,,,,,
2016-06-30,1804491560000.0,852525071000.0,622359302000.0,622359302000.0,60705814000.0,,951966489000.0,27184055000.0,,8046188000.0,8046188000.0,6020374000.0,,,52924901000.0,3263678000.0,,607160582000.0,398739054000.0,,,,38739600000.0,208421528000.0,,5627017000.0,,,220042111000.0,289780042000.0,,1196454137000.0,,875999117000.0,259303805000.0,5186076000.0,114334236000.0,221802837000.0,107468601000.0,107468601000.0,91321001000.0,4667198000.0,16903540000.0,130481836000.0,,,,821425000.0,,,,55274988000.0,93406391000.0,20878112000.0,,0.0,,94028572000.0,149303560000.0,72506321000.0,106676391000.0,,,,,55274988000.0,75170948000.0,,-3463494000.0,,,-8103045000.0,,,,,,,,,,,,,,
2016-09-30,1718686763000.0,709591485000.0,463971657000.0,463971657000.0,53882144000.0,,1009095278000.0,29898577000.0,,8735031000.0,8735031000.0,5895582000.0,,49910488000.0,58850322000.0,3448916000.0,,434794114000.0,257555112000.0,,,,37648800000.0,177239002000.0,,4866107000.0,227943326000.0,,189811965000.0,136179943000.0,,1283113034000.0,,972758173000.0,259303805000.0,5186076000.0,132050789000.0,260417602000.0,128366813000.0,128366813000.0,106262122000.0,5584814000.0,18724320000.0,154155480000.0,,,,822667000.0,,,,56268794000.0,108249615000.0,11460502000.0,,0.0,,108688065000.0,164956859000.0,96759056000.0,126409559000.0,,,,,56268794000.0,104981237000.0,,6823670000.0,,-106884722000.0,-169191709000.0,,,,,155582283000.0,155582283000.0,,,,,,,,
2016-12-31,1886296700000.0,817729100000.0,541253800000.0,541253800000.0,48682200000.0,,1068567600000.0,30795608000.0,,8606800000.0,8606800000.0,6008000000.0,,45995400000.0,94950500000.0,225488000.0,,526450900000.0,348286000000.0,,,,57958200000.0,178164900000.0,,4725784000.0,38109700000.0,,211073600000.0,2859522000.0,,41946009000.0,,1041810700000.0,8003204000.0,5186076000.0,137109497000.0,262226289000.0,125116792000.0,125116792000.0,109860863000.0,5698653000.0,19960877000.0,152365426000.0,,,,811428000.0,,,,56437557000.0,112009795000.0,14322484000.0,,331797300000.0,,112800742000.0,169238299000.0,97666830000.0,185219797000.0,,,,,56437557000.0,113796437000.0,,5199974000.0,,-395439700000.0,24301386000.0,,,,,155582283000.0,155582283000.0,,,,,-7300000.0,,,
2017-03-31,1886296700000.0,817729100000.0,541253800000.0,541253800000.0,48682200000.0,,1068567600000.0,34146285000.0,,8606800000.0,8606800000.0,6008000000.0,,44518812000.0,94950500000.0,3385400000.0,,526450900000.0,348286000000.0,,,,57958200000.0,178164900000.0,,4417977000.0,233797717000.0,,211073600000.0,192839600000.0,,1359050700000.0,,1041810700000.0,259303800000.0,5186012000.0,108820815000.0,233937607000.0,125116792000.0,125116792000.0,109907363000.0,5698653000.0,19960877000.0,124030244000.0,,,,811428000.0,,,,56437557000.0,112009795000.0,14322484000.0,,87620908000.0,,112438808000.0,168876365000.0,97666830000.0,185219797000.0,,,,,56437557000.0,113796437000.0,,5199974000.0,,-109230259000.0,24301386000.0,,,,,181512663000.0,181512663000.0,,,,,,,,
2017-06-30,1986433777000.0,838049552000.0,570466958000.0,570466958000.0,61010525000.0,,1148384225000.0,35471586000.0,,8354094000.0,8354094000.0,5764798000.0,,43818498000.0,90908418000.0,3777530000.0,,644068132000.0,523507145000.0,,,,54745200000.0,120560987000.0,,3269156000.0,233927764000.0,,154062140000.0,393875200000.0,,1341685497000.0,,1044395423000.0,259303805000.0,5186076000.0,103810623000.0,213810623000.0,110000000000.0,110000000000.0,83255401000.0,4927159000.0,19057456000.0,130555222000.0,,,,839913000.0,,,,57992390000.0,86117467000.0,19846815000.0,,-196592072000.0,,86587830000.0,144580220000.0,66271019000.0,103400380000.0,,,,,57992390000.0,106241555000.0,,-10621503000.0,,-98219755000.0,-638888000.0,,,,,181512663000.0,181512663000.0,,,,,,,,
2017-09-30,1841424382000.0,704861778000.0,408077695000.0,408077695000.0,73893879000.0,,1136562604000.0,35138703000.0,,9113940000.0,9113940000.0,5727459000.0,,40903723000.0,98809530000.0,5090170000.0,,410011693000.0,298522304000.0,,,,54430200000.0,111489389000.0,,3027185000.0,205315777000.0,,146244720000.0,168571166000.0,,1430716847000.0,,1134320860000.0,259303805000.0,5186076000.0,125880148000.0,252110812000.0,126230664000.0,126230664000.0,98056433000.0,5003679000.0,21045439000.0,154054379000.0,,,,843214000.0,,,,71164662000.0,100518164000.0,10568936000.0,,153999996000.0,,101005112000.0,172169774000.0,89925437000.0,116783434000.0,,,,,71164662000.0,63420625000.0,,-12883354000.0,,-65662683000.0,-212792956000.0,,,,,181512663000.0,181512663000.0,,,,,,,,
2017-12-31,1991732000000.0,857203100000.0,553391700000.0,553391700000.0,73880700000.0,,1134528900000.0,35848256000.0,,8526500000.0,8526500000.0,5648700000.0,,41439400000.0,103185500000.0,4256800000.0,,497285500000.0,386890200000.0,,,,63766800000.0,110395300000.0,,3097166000.0,58401100000.0,,155566800000.0,238986800000.0,,1493746800000.0,,1205051300000.0,259303800000.0,5186076000.0,138747962000.0,277602795000.0,138854833000.0,138854833000.0,108894976000.0,6018259000.0,21217212000.0,168707819000.0,,,,830509000.0,,,,70813463000.0,111703770000.0,10505558000.0,,300010168000.0,,112509013000.0,183322476000.0,101172946000.0,204126342000.0,,,,,70813463000.0,62803089000.0,,-17454000.0,,-336164900000.0,9644163000.0,,,,,181512663000.0,181512663000.0,,,,,-3800000.0,,,
2018-03-31,1991732000000.0,857203100000.0,553391700000.0,553391700000.0,73880700000.0,,1134528900000.0,36266880000.0,,8526500000.0,8526500000.0,5648700000.0,,34376662000.0,103185500000.0,4222400000.0,,497285500000.0,386890200000.0,,,,63766800000.0,110395300000.0,,2865979000.0,49431551000.0,,155566800000.0,238986800000.0,,1493746800000.0,,1205051300000.0,259303800000.0,5186012000.0,196472571000.0,248078671000.0,51606100000.0,51606100000.0,108894976000.0,6018259000.0,21217212000.0,139183695000.0,,,,830509000.0,,,,70813463000.0,111703770000.0,10505558000.0,,89787574000.0,,113772563000.0,184586026000.0,101172946000.0,204126342000.0,,,,,70813463000.0,62803089000.0,,-17454000.0,,-73459190000.0,9644163000.0,,,,,37000.0,37000.0,,,,,,,,
2018-06-30,2053412954000.0,959042679000.0,632229880000.0,632229880000.0,99032077000.0,,1094370275000.0,33861024472.49,,8025238000.0,8025238000.0,5766973000.0,,944042495.38,130053184000.0,6314005000.0,,562777669000.0,462997164000.0,,,,30835300000.0,99780505000.0,,2730442469.18,520592709.0,,114235300000.0,362847286000.0,,1490001542000.0,0.0,1189470511000.0,259303805000.0,5186076000.0,111530934000.0,233219641000.0,121688707000.0,121688707000.0,84428146000.0,5070594000.0,19891553000.0,148791495000.0,,,,628284000.0,,,,71408684000.0,87587608000.0,15294233000.0,,2366821359.0,,88373869000.0,159782553000.0,72290539000.0,129773360000.0,,,,,71408684000.0,60849798000.0,,-13835924000.0,,-1966822144.74,-29346300000.0,,,,,207443044000.0,207443044000.0,,,,,0.0,,,
2018-09-30,1969888788000.0,859223705000.0,488732121000.0,488732121000.0,105336576000.0,,1110665083000.0,34315720340.37,0.0,8225606000.0,8225606000.0,5763578000.0,,975380985.11,130341925000.0,5084478000.0,,394058787000.0,321630202000.0,,,,73974625000.0,72428585000.0,0.0,1862215676.65,1142202585.5,,130874625000.0,160331747000.0,0.0,1575171914000.0,0.0,1277737659000.0,259303805000.0,5186076000.0,123366640000.0,260333679000.0,136967039000.0,136967039000.0,95245181000.0,4656730000.0,21886199000.0,165088498000.0,,,,739068000.0,,0.0,,73609817000.0,98896942000.0,9798870000.0,,2915989919.82,,100106498000.0,173716315000.0,89071628000.0,94082482000.0,,,,,73609817000.0,71497989000.0,0.0,-6304499000.0,,-2077341286.21,-172434686000.0,,,,,207443044000.0,207443044000.0,,,,,0.0,,0.0,0.0
2018-12-31,2090031200000.0,951679700000.0,577814600000.0,577814600000.0,103231000000.0,,1138351500000.0,40099.07,0.0,11206600000.0,11206600000.0,5795500000.0,,1092.5,135941400000.0,5429900000.0,,428926100000.0,356837100000.0,,,,123654700000.0,72089000000.0,0.0,2128.29,1311.16,,180554700000.0,157067800000.0,0.0,1660428800000.0,0.0,1360258900000.0,259303800000.0,5186076091.0,140639223000.0,289771000000.0,149131777000.0,149131777000.0,107124000000.0,5686868000.0,23689000000.0,182647000000.0,,,,875782000.0,,0.0,,76030000000.0,111082000000.0,11077000000.0,,4186.53,,111936782000.0,187966782000.0,99984000000.0,189372000000.0,,,,,76030000000.0,114105000000.0,0.0,2105575000.0,,-4386.04,14284000000.0,,,,,207443044000.0,207443044000.0,,,,,0.0,,0.0,0.0
2019-03-31,2090031200000.0,951679700000.0,577814600000.0,577814600000.0,103231000000.0,,1138351500000.0,40695.51,0.0,11206600000.0,11206600000.0,5795500000.0,,30038613000.0,135941400000.0,5406400000.0,,428926100000.0,356837100000.0,,,,123654700000.0,72089000000.0,16907533000.0,35300000000.0,76592550000.0,,180554700000.0,157067800000.0,2029105000.0,1660428800000.0,0.0,1360258900000.0,259303800000.0,5186076092.0,90357557000.0,218709901000.0,128352344000.0,128352344000.0,107124000000.0,5686868000.0,23689000000.0,111585901000.0,,3509711000.0,4408776000.0,875782000.0,,0.0,,76030000000.0,111082000000.0,11077000000.0,,61387310000.0,,107124000000.0,183154000000.0,99984000000.0,189372000000.0,,,,,76030000000.0,114105000000.0,0.0,2105575000.0,,-2318.45,14284000000.0,,,,,207440044000.0,207440044000.0,,,,,0.0,,0.0,0.0
2019-06-30,2239343671000.0,1010179338000.0,649697262000.0,649697262000.0,108231879000.0,,1229164333000.0,1160913492000.0,0.0,11662433000.0,11662433000.0,5838397000.0,,29315314000.0,129851519000.0,4725640000.0,,684922144000.0,622256378000.0,,,,78261120000.0,62665766000.0,15405489000.0,35300000000.0,78261120000.0,,128966609000.0,441163650000.0,2201551000.0,1553814579000.0,0.0,1245575785000.0,259303805000.0,5186076000.0,103730060000.0,241055305000.0,137325245000.0,137325245000.0,76304053000.0,4288263000.0,21393728000.0,164751252000.0,,3682166000.0,4187997000.0,864751000.0,,0.0,,75048350000.0,80545440000.0,13769589000.0,,66775851000.0,,81536793000.0,156585143000.0,66764850000.0,117761028000.0,,,,,75048350000.0,116933823000.0,0.0,450503000.0,,-178906424000.0,-930502000.0,,,,,0.0,0.0,,,,,0.0,,0.0,0.0
2019-09-30,2134234450000.0,849427436000.0,452430300000.0,452430300000.0,96685730000.0,,1284807014000.0,1215462124000.0,0.0,12259114000.0,12259114000.0,5834459000.0,,30134572000.0,150170187000.0,4625998000.0,,546737449000.0,494781125000.0,,,,85573710000.0,51956324000.0,15031539000.0,25100000000.0,85573710000.0,,125705249000.0,280445433000.0,2081256000.0,1586856066000.0,0.0,1281906438000.0,259303805000.0,5186076000.0,139412434000.0,293025712000.0,153613278000.0,153613278000.0,107887292000.0,5810048000.0,23972076000.0,185138420000.0,,3072664000.0,4417771000.0,843434000.0,,0.0,,66756000000.0,112336271000.0,11233817000.0,,101102454000.0,,112753950000.0,179509950000.0,101069886000.0,141753000000.0,,,,,66756000000.0,98118000000.0,0.0,11546149000.0,,-287196541000.0,-229112000000.0,,,,,207443000000.0,207443000000.0,,,,,0.0,,0.0,0.0
2019-12-31,2264725000000.0,822613900000.0,455399300000.0,455399300000.0,82981200000.0,,1442111100000.0,1369609807000.0,0.0,14959600000.0,14959600000.0,5693400000.0,,30092000000.0,139064400000.0,5346700000.0,,650337700000.0,598363800000.0,,,,150322300000.0,51973900000.0,15041800000.0,25100000000.0,150322300000.0,,190464133000.0,268459700000.0,2128300000.0,1613705600000.0,0.0,1325630400000.0,259303800000.0,5186076091.0,159202000000.0,317237000000.0,158035000000.0,158035000000.0,124244000000.0,9307000000.0,25636000000.0,192993000000.0,,2675000000.0,4243946000.0,0.0,,0.0,,67532000000.0,128782000000.0,12704000000.0,,116078000000.0,,128739000000.0,196271000000.0,116035000000.0,202955000000.0,,,,,67532000000.0,170009000000.0,0.0,0.02,,-171605106000.0,-17184000000.0,,,,,51861000000.0,51861000000.0,,,,,0.0,,0.0,0.0
2020-03-31,2264725000000.0,822613900000.0,455399300000.0,455399300000.0,82981200000.0,,1442111100000.0,1459935933000.0,0.0,14959600000.0,14959600000.0,5693400000.0,,31033217000.0,139064400000.0,5320800000.0,,650337700000.0,598363800000.0,,,,150322300000.0,51973900000.0,19490665000.0,46475148000.0,155103242000.0,,216288113000.0,268459700000.0,1922467000.0,1613705600000.0,0.0,1325630400000.0,259303800000.0,5186076092.0,160776508000.0,310589510000.0,149813002000.0,149813002000.0,124244000000.0,5903061000.0,25636000000.0,186345510000.0,,2458505000.0,3759222000.0,530564000.0,,0.0,,67532000000.0,128782000000.0,12704000000.0,,117062893000.0,,124244000000.0,191776000000.0,116035000000.0,202955000000.0,,,,,67532000000.0,170009000000.0,0.0,-6545246000.0,,-188993268000.0,-17184000000.0,,,,,51861000000.0,51861000000.0,,,,,0.0,,0.0,0.0
2020-06-30,2448664522000.0,860031580000.0,467613443000.0,467613443000.0,85788094000.0,,1588632942000.0,1514597844000.0,,21778129000.0,21778129000.0,5617471000.0,,22916825000.0,147838889000.0,6610338000.0,,727451140000.0,614795728000.0,,,,188840348000.0,112655412000.0,19164873000.0,82439681000.0,188840348000.0,,290444902000.0,290115440000.0,2143738000.0,1720377981000.0,,1441491990000.0,259303805000.0,5186076000.0,164623791000.0,310629333000.0,146005542000.0,146005542000.0,131094538000.0,6894405000.0,24893043000.0,179534795000.0,,2069217000.0,4857965000.0,409145000.0,,,,70875252000.0,136398638000.0,15506124000.0,,120892514000.0,,134696354000.0,205571606000.0,120822193000.0,170334959000.0,,,,,70875252000.0,134339955000.0,,-7510260000.0,,-129750164000.0,5912053000.0,,,,,64825949000.0,64825949000.0,,,,,,,,
2020-09-30,2635572214000.0,1029673918000.0,604195113000.0,604195113000.0,109509486000.0,,1605898296000.0,1525262200000.0,,20785726000.0,20785726000.0,5553787000.0,,26514639000.0,147872514000.0,5477935000.0,,847305839000.0,588241723000.0,,,,155377630000.0,259064116000.0,19180809000.0,228027883000.0,155377630000.0,,402586322000.0,293317891000.0,2280460000.0,1787361029000.0,,1513976388000.0,259303805000.0,5186076000.0,190493496000.0,356439030000.0,165945534000.0,165945534000.0,150047349000.0,9272555000.0,29683751000.0,206391681000.0,,1524799000.0,4820918000.0,373164000.0,,,,94733076000.0,155124003000.0,17745852000.0,,185714412000.0,,153038244000.0,247771320000.0,137310040000.0,190171227000.0,,,,,94733076000.0,101720285000.0,,-23721392000.0,,-96079669000.0,47434066000.0,,,,,64825953000.0,64825953000.0,,,,,,,,
2020-12-31,2760711405000.0,1092185308000.0,660170647000.0,660170647000.0,137353407000.0,,1668526097000.0,1583317502000.0,,20331577000.0,20331577000.0,5436602000.0,,27728208000.0,141981968000.0,8984978000.0,,910089406000.0,617151048000.0,,,,91159000000.0,292938358000.0,20560649000.0,254105000000.0,88559026000.0,,347231695000.0,388514557000.0,2395400000.0,1849657256000.0,,1588686081000.0,259303805000.0,5186076000.0,195236325000.0,361580556000.0,166344231000.0,166344231000.0,157120174000.0,6387572000.0,29940412000.0,204460382000.0,,884424000.0,2240000000.0,768627000.0,,,,97561886000.0,161107361000.0,18282837000.0,,142824524000.0,,161817898000.0,259379784000.0,142766434000.0,259130572000.0,,,,,97561795000.0,89513150000.0,,-27843910000.0,,-90958613000.0,-101203808000.0,,,,,64825947000.0,64825947000.0,,,,,,,,
2021-03-31,2760711405000.0,1092185308000.0,660170647000.0,660170647000.0,137353407000.0,,1668526097000.0,1690833602000.0,,20331577000.0,20331577000.0,5436602000.0,,29130450000.0,141981968000.0,6590191000.0,,910089406000.0,617151048000.0,,,,88559026000.0,292938358000.0,21074764000.0,276838000000.0,137123748000.0,,389095917000.0,331799777000.0,2409411000.0,1849657256000.0,,1588686081000.0,259303805000.0,5186076092.0,189839430000.0,362474441000.0,172635011000.0,172635011000.0,157120174000.0,6387572000.0,29940412000.0,205354267000.0,,688809000.0,1956000000.0,768582000.0,,,,100900318000.0,161107361000.0,18282837000.0,,139738749000.0,,150812578000.0,258093854000.0,142766434000.0,259130584000.0,,,,,97561886000.0,89513159000.0,,-27843921000.0,,-244251414000.0,-101203795000.0,,,,,64825947000.0,64825947000.0,,,,,,,,
2021-06-30,3092688800000.0,1241104000000.0,747982100000.0,747982100000.0,170438700000.0,,1851584800000.0,1755298405000.0,,21126700000.0,21126700000.0,5408400000.0,,29063472000.0,135302900000.0,7408400000.0,,1110653900000.0,659558300000.0,,,,139380900000.0,451095600000.0,21030441000.0,410465000000.0,139380910000.0,,574047529000.0,373305500000.0,2608325000.0,1979870900000.0,,1714407300000.0,259303800000.0,5186076000.0,186196818000.0,372145122000.0,185948304000.0,185948304000.0,145667205000.0,7826613000.0,30873376000.0,226477917000.0,,294282000.0,1466000000.0,1134399000.0,,,,103805158000.0,149391075000.0,14909359000.0,,134481716000.0,,145667205000.0,252556021000.0,134358942000.0,187439494000.0,,,,,103805182000.0,170513981000.0,,-15871139000.0,,-169750998000.0,75030643000.0,,,,,64825949000.0,64825949000.0,,,,,,,,
2021-09-30,3092688800000.0,1241104000000.0,747982100000.0,747982100000.0,170438700000.0,,1851584800000.0,1861855662000.0,,21126700000.0,21126700000.0,5408400000.0,,27730551000.0,135302900000.0,7408400000.0,,1110653900000.0,659558300000.0,,,,139380900000.0,451095600000.0,21052983000.0,459733000000.0,118844065000.0,,623639521000.0,344597850000.0,99886871000.0,1979870900000.0,,1714407300000.0,259303800000.0,5186076000.0,212746243000.0,414643431000.0,201897188000.0,201897188000.0,171003543000.0,7826613000.0,30873376000.0,243639888000.0,,22481000.0,1536000000.0,1134399000.0,,,,107026739000.0,149391075000.0,14909359000.0,,201164203000.0,,148750839000.0,252556021000.0,134358942000.0,187439494000.0,,,,,103805182000.0,170513981000.0,,-15871139000.0,,-177020171000.0,75030643000.0,,,,,64825951000.0,64825951000.0,,,,,,,,
2021-12-31,3725302200000.0,1607072900000.0,1064990200000.0,1064990200000.0,193102300000.0,,2118229300000.0,2089046000000.0,,21442500000.0,21442500000.0,5379200000.0,,29384000000.0,139923500000.0,10694000000.0,,1573619700000.0,758352800000.0,,,,119488000000.0,815266900000.0,20764200000.0,610071000000.0,119488000000.0,,753631900000.0,445837000000.0,205196000000.0,2149259800000.0,,1887802900000.0,259303800000.0,5186076091.0,230678922000.0,438189000000.0,207510078000.0,207510078000.0,182771954000.0,15639000000.0,32239000000.0,255417046000.0,,-712000000.0,939000000.0,712000000.0,,,,110663000000.0,184819000000.0,18446000000.0,,166373515000.0,,183966000000.0,294629000000.0,166232000000.0,378200000000.0,,,,,110663000000.0,235556000000.0,,-10868569000.0,,-245343000000.0,82283000000.0,,,,,71308000000.0,71308000000.0,,,,,,,,
2022-03-31,3725479503000.0,1607072900000.0,1064990200000.0,1064990200000.0,193102300000.0,,2118229300000.0,2104331000000.0,,21442500000.0,21442500000.0,5379200000.0,,45736843000.0,139923500000.0,10521500000.0,,1554770250000.0,758352800000.0,,,,119488000000.0,815266900000.0,21065933000.0,629650000000.0,144550897000.0,,753631900000.0,405348062000.0,184103733000.0,2168286553000.0,-872000000.0,1887802900000.0,259303800000.0,5186076092.0,273203166000.0,491075873000.0,217872707000.0,217872707000.0,223790118000.0,10500027000.0,32239000000.0,267285755000.0,,-466887000.0,1259000000.0,2140766000.0,,,,111102063000.0,184819211000.0,18446000000.0,,202873374000.0,,223790000000.0,168433237000.0,166232291000.0,378200000000.0,,,,,110663000000.0,235556000000.0,,-10868569000.0,,-288074000000.0,82283000000.0,,,,,71308547000.0,71308547000.0,,,,,-871566000.0,,,
2022-06-30,4345941335000.0,1905866396000.0,1253189197000.0,1253189197000.0,217438091000.0,,2440074939000.0,2282612319000.0,,21551737000.0,21551737000.0,5657256000.0,,64440492000.0,197051641000.0,13341271000.0,,1835479210000.0,845240981000.0,,,,115584794000.0,990238229000.0,22510412000.0,757208596000.0,115584794000.0,,895303802000.0,474481856000.0,201065286000.0,2496353192000.0,,1844911241000.0,259303805000.0,5185833400.0,315467994000.0,534140808000.0,218672814000.0,218672814000.0,262123749000.0,11568594000.0,39649130000.0,272017059000.0,,641714000.0,3545945000.0,2904231000.0,,,,113224647000.0,265998281000.0,28818029000.0,,237180252000.0,,262123749000.0,381426917000.0,237027317000.0,338849429000.0,,,,,113224647000.0,220945293000.0,,-17319409000.0,,-275932106000.0,19080454000.0,,,,,71309000000.0,71309000000.0,,,,,-871566000.0,,,
2022-09-30,4643301766000.0,2014232358000.0,1296012784000.0,1296012784000.0,218335874000.0,,2629069408000.0,2453839994000.0,,20771747000.0,20771747000.0,5934805000.0,,75795898000.0,222922889000.0,10552495000.0,,1890985607000.0,807431287000.0,,,,23426667000.0,1083554320000.0,30182353000.0,845441649000.0,,,899050669000.0,587503513000.0,197960667000.0,2737974306000.0,,2066562035000.0,259303805000.0,5185833000.0,370498717000.0,613142743000.0,242644026000.0,242644026000.0,310324214000.0,14499002000.0,42977507000.0,302818529000.0,,3245026000.0,6615044000.0,3370018000.0,,,,105345666000.0,316690867000.0,35722460000.0,,280968407000.0,,310324214000.0,424381386000.0,280865780000.0,412698167000.0,,,,,105345666000.0,267635828000.0,,-897783000.0,,-284390325000.0,-130406753000.0,,,,,71308546000.0,71308546000.0,,,,,-871566000.0,,,
2022-12-31,4964778878000.0,2052896744000.0,1342814083000.0,1342814083000.0,221149148000.0,,2911882134000.0,2735751106000.0,,20207334000.0,20207334000.0,5791821000.0,,68930000000.0,243686042000.0,12888776000.0,,2004290011000.0,944226817000.0,,,,19313889000.0,1060063194000.0,29764097000.0,839096486000.0,19313889000.0,,888174472000.0,656533607000.0,180850137000.0,2945653195000.0,,2637524688000.0,259303805000.0,5185800000.0,389183047000.0,625530000000.0,236346953000.0,236346953000.0,324644923000.0,16957177000.0,44587023000.0,300885077000.0,,7252347000.0,9486470000.0,3334985000.0,,,,107581924000.0,295904000000.0,62278689000.0,,295900000000.0,,324644923000.0,-64540000000.0,233625311000.0,486880000000.0,,,,,107581924000.0,336800000000.0,,-2813247000.0,,-1190928235000.0,-65500000000.0,,,,,71300000000.0,71300000000.0,,,,,-34000.0,,,
2023-03-31,5045844348000.0,1995727521000.0,1385232810000.0,1385232810000.0,216067981000.0,,3050116827000.0,2833397000000.0,,18544532000.0,18544532000.0,5752307000.0,,69913622000.0,229098333000.0,16343714000.0,,1952946750000.0,873089921000.0,,,,8040000000.0,1079856829000.0,29984875000.0,848638000000.0,8040000000.0,,884770024000.0,669412929000.0,185758498000.0,3078233958000.0,,2773288070000.0,259320710000.0,5185875200.0,286500392000.0,508632973000.0,222132581000.0,222132581000.0,231238157000.0,16957177000.0,44587023000.0,277394816000.0,,10654132000.0,11693000000.0,3334985000.0,,,,110322641000.0,295904000000.0,37325895000.0,,206949036000.0,,231238157000.0,357561258000.0,233625311000.0,486880000000.0,,,,,107581924000.0,336800000000.0,,-2813247000.0,,-272231795000.0,-65500000000.0,,,,,71300000000.0,71300000000.0,,,,,-34000.0,,,
2023-06-30,5149465000000.0,1959964000000.0,1276724000000.0,1276724000000.0,234333000000.0,,3189501000000.0,2988828403000.0,,18001489000.0,18001489000.0,5848444000.0,,94610000000.0,213232000000.0,44648000000.0,,1943997000000.0,810829000000.0,,,,8126000000.0,1133168000000.0,29734633000.0,901710000000.0,8126000000.0,,945182070000.0,568583802000.0,231458000000.0,3188750000000.0,,2542570000000.0,259321000000.0,5185883000.0,260200000000.0,480841000000.0,220641000000.0,220641000000.0,201958000000.0,14163389000.0,41665000000.0,278883000000.0,,10667000000.0,11801000000.0,3005155000.0,,,,123939000000.0,214675000000.0,32958000000.0,,181717000000.0,,201958000000.0,325897000000.0,181799000000.0,167248000000.0,,,,,123939000000.0,250534000000.0,,-18264968000.0,,-531558000000.0,-26589000000.0,,,,,71309000000.0,71309000000.0,,,,,0.0,,,
2023-09-30,5484556381000.0,2082477636000.0,1311806535000.0,1311806535000.0,262090072000.0,,3402078745000.0,3173919078000.0,,17405834000.0,17405834000.0,6004735000.0,,116350000000.0,266268741000.0,19221060000.0,,2111738274000.0,970034816000.0,,,,7420132000.0,1141703458000.0,29415325000.0,937492473000.0,7420132000.0,,974327930000.0,27012318000.0,165967433000.0,3348349657000.0,,2682157537000.0,259320710000.0,5185871600.0,296643000000.0,546733000000.0,250090000000.0,250090000000.0,228065000000.0,17571000000.0,51137762000.0,318668000000.0,,12483352000.0,13650000000.0,3111922000.0,,,,147280162000.0,241940000000.0,31145000000.0,,241940000000.0,,228065000000.0,228065000000.0,211000000000.0,847138000000.0,,,,,381543000000.0,779657000000.0,,-27757123000.0,,-773801000000.0,-129527000000.0,,,,,213926000000.0,213926000000.0,,,,,0.0,,,
2023-12-31,5532371215000.0,2194032910000.0,1465427753000.0,1465427753000.0,250997088000.0,,3338338304999.0,,,16970306000.0,16970306000.0,5796438000.0,,129267600000.0,222340989000.0,53256844000.0,,2049108368000.0,913583316000.0,,,,12103817000.0,1135525052000.0,28681800000.0,918282800000.0,9293300000.0,,959068460000.0,789783899000.0,179249400000.0,3458913627000.0,,2882595798000.0,259320710000.0,5186414200.0,331768000000.0,625529000000.0,293761000000.0,293761000000.0,260147000000.0,18235339000.0,50410000000.0,71621000000.0,,14490150000.0,17408787000.0,4791528000.0,,,,150648430000.0,276966000000.0,39974000000.0,,251566384000.0,,279884462000.0,430532892000.0,251954479000.0,404331237000.0,,,,,150648430000.0,124759287000.0,,11092984000.0,,,-69374322000.0,,,,,77796213000.0,77796213000.0,,,,,0.0,,,
2024-03-31,5787891082000.0,2452767394000.0,1698195704000.0,1698195704000.0,267123338999.0,,3335123688000.0,,,16272753000.0,16272753000.0,5966172000.0,,138468577000.0,224590061000.0,60799286001.0,,2122174828000.0,1026180079000.0,,,,-59986358000.0,1095994749000.0,28467310000.0,965560274000.0,12500151000.0,,1009462421000.0,615421769000.0,94223410000.0,3635731930000.0,,2991108865000.0,259336292000.0,5186000000.0,314505269000.0,592644201000.0,278138932000.0,278138932000.0,249018306000.0,16137086000.0,46108936000.0,65486963000.0,,16660917000.0,19359172000.0,2698255000.0,,,,159023162000.0,266543204000.0,41321941000.0,,225485000000.0,,269241459000.0,428264621000.0,225484877000.0,450525403000.0,,,,,159023162000.0,183359795000.0,,-16126251000.0,,,-76443434000.0,,,,,77796213000.0,77796213000.0,,,,,-3089000000.0,,,
2024-06-30,5982364014000.0,2591658093000.0,1799127351000.0,1799127351000.0,272490587000.0,,3390705921000.0,,,16397484000.0,16397484000.0,6033115000.0,,140219465000.0,249392491000.0,60192825000.0,,2162215809000.0,1048915679999.0,,,,25696321000.0,1113300129001.0,28221881000.0,974343663000.0,23075426000.0,,997422613000.0,669678864999.0,102975027000.0,3791402874000.0,,3438674715000.0,259336292000.0,5186162400.0,358124478000.0,673510177000.0,315385699000.0,315385699000.0,286555542000.0,19290282000.0,48057704000.0,71568936000.0,,18341093000.0,20979233000.0,2638140000.0,,,,165166594000.0,306310575000.0,58649137000.0,,247845000000.0,,308948715000.0,474115309000.0,247845528000.0,377668210000.0,,,,,165166594000.0,205674684000.0,,-5367248000.0,,,-90244583000.0,,,,,90762248000.0,90762248000.0,,,,,-3089177000.0,,,
2024-09-30,6165660000000.0,2710450000000.0,1886781000000.0,1886781000000.0,292880000000.0,,3198930000000.0,,,16165607000.0,16165607000.0,5917424000.0,,127330000000.0,280819000000.0,2480057468000.0,,2143740000000.0,1080400000000.0,,,,,1063340000000.0,28208721000.0,936160000000.0,,,936160000000.0,1080400000000.0,127180000000.0,3993174669000.0,,3346232000000.0,259327000000.0,5186076048.0,439345666000.0,759692143000.0,320346477000.0,320346477000.0,360766289000.0,22890591000.0,52783826000.0,78579377000.0,,19965864000.0,22601654000.0,2635790000.0,,,,168228557000.0,384186852000.0,59106682000.0,,384187000000.0,,386822642000.0,555051199000.0,325257571000.0,412449622000.0,,,,,168229000000.0,215006734000.0,,-20393343000.0,,,-72715563000.0,,,,,90762539000.0,90762539000.0,,,,,177000.0,,,
2024-12-31,6691938000000.0,3088352000000.0,2127627000000.0,2127627000000.0,287869000000.0,,3603586000000.0,,,,,,,149040000000.0,294392000000.0,106376000000.0,,2368362000000.0,1264525000000.0,,,,59858000000.0,1103837000000.0,,926604000000.0,59858000000.0,,986462000000.0,1130440000000.0,177233000000.0,4288545000000.0,,3917252000000.0,259327000000.0,5185800000.0,512379000000.0,868461000000.0,356082000000.0,356082000000.0,425713000000.0,29108000000.0,57232000000.0,86666000000.0,,21750000000.0,,,,,,170378000000.0,448798000000.0,74329000000.0,,374469000000.0,,425713000000.0,596091000000.0,374680000000.0,620205000000.0,,,,,170378000000.0,361949000000.0,,,,,-100732000000.0,,,,,103734000000.0,103734000000.0,,,,,177000.0,,,
