fiscal_date_ending,total_assets,total_current_assets,cash_and_cash_equivalents,cash_and_short_term_investments,inventory,current_net_receivables,total_non_current_assets,property_plant_equipment,accumulated_depreciation_amortization_ppe,intangible_assets,intangible_assets_excluding_goodwill,goodwill,investments,long_term_investments,short_term_investments,other_current_assets,other_non_current_assets,total_liabilities,total_current_liabilities,current_accounts_payable,deferred_revenue,current_debt,short_term_debt,total_non_current_liabilities,capital_lease_obligations,long_term_debt,current_long_term_debt,long_term_debt_non_current,short_long_term_debt_total,other_current_liabilities,other_non_current_liabilities,total_shareholder_equity,treasury_stock,retained_earnings,common_stock,common_stock_shares_outstanding,gross_profit,total_revenue,cost_of_revenue,cost_of_goods_and_services_sold,operating_income,selling_general_and_administrative,research_and_development,operating_expenses,investment_income_net,net_interest_income,interest_income,interest_expense,non_interest_income,other_non_operating_income,depreciation,depreciation_and_amortization,income_before_tax,income_tax_expense,interest_and_debt_expense,net_income_from_continuing_operations,comprehensive_income_net_of_tax,ebit,ebitda,net_income,operating_cashflow,payments_for_operating_activities,proceeds_from_operating_activities,change_in_operating_liabilities,change_in_operating_assets,depreciation_depletion_and_amortization,capital_expenditures,change_in_receivables,change_in_inventory,profit_loss,cashflow_from_investment,cashflow_from_financing,proceeds_from_repayments_of_short_term_debt,payments_for_repurchase_of_common_stock,payments_for_repurchase_of_equity,payments_for_repurchase_of_preferred_stock,dividend_payout,dividend_payout_common_stock,dividend_payout_preferred_stock,proceeds_from_issuance_of_common_stock,proceeds_from_issuance_of_long_term_debt_and_capital_securities_net,proceeds_from_issuance_of_preferred_stock,proceeds_from_repurchase_of_equity,proceeds_from_sale_of_treasury_stock,change_in_cash_and_cash_equivalents,change_in_exchange_rate
2009-06-30,1284176000000.0,20632000000.0,20632000000.0,20632000000.0,49928000000.0,,35770000000.0,11151000000.0,,16895000000.0,16895000000.0,24619000000.0,246905000000.0,,,963974000000.0,,1162794000000.0,55483000000.0,,,55483000000.0,55483000000.0,229416000000.0,,229416000000.0,,,284899000000.0,-55483000000.0,,114623000000.0,3126000000.0,39165000000.0,7927000000.0,4483100000.0,4724000000.0,17421000000.0,12697000000.0,7623000000.0,2714000000.0,1227000000.0,,4625000000.0,,11764000000.0,14301000000.0,2537000000.0,10743000000.0,,,-68000000.0,4647000000.0,1475000000.0,2537000000.0,3249000000.0,6306000000.0,7184000000.0,7116000000.0,3172000000.0,1970000000.0,,,,,-68000000.0,22681000000.0,,,3249000000.0,5781000000.0,-9305000000.0,-16601000000.0,9000000.0,,,644000000.0,214000000.0,430000000.0,8784000000.0,65000000.0,,-9000000.0,,-1554000000.0,
2009-09-30,1228625000000.0,17233000000.0,17233000000.0,17233000000.0,43911000000.0,,35092000000.0,11040000000.0,,15662000000.0,15662000000.0,24052000000.0,227012000000.0,,,933626000000.0,,1099701000000.0,30800000000.0,,,30800000000.0,30800000000.0,214292000000.0,,214292000000.0,,,245092000000.0,-30800000000.0,,122150000000.0,2771000000.0,41485000000.0,7927000000.0,4678300000.0,4671000000.0,16355000000.0,11684000000.0,8395000000.0,2859000000.0,1034000000.0,,4136000000.0,,11684000000.0,13968000000.0,2284000000.0,10782000000.0,,,-64000000.0,4590000000.0,1355000000.0,2284000000.0,3316000000.0,8023000000.0,6874000000.0,6810000000.0,3235000000.0,7401000000.0,-91836000000.0,,-6210000000.0,-98259000000.0,-64000000.0,,664000000.0,,3316000000.0,50672000000.0,-61472000000.0,-24683000000.0,17000000.0,17000000.0,,797000000.0,234000000.0,563000000.0,282000000.0,927000000.0,,265000000.0,,-3399000000.0,
2009-12-31,1243646000000.0,27080000000.0,27080000000.0,27080000000.0,47986000000.0,,35548000000.0,10736000000.0,7312000000.0,38859000000.0,14047000000.0,24812000000.0,215749000000.0,14931000000.0,1175000000.0,703024000000.0,,1129287000000.0,38966000000.0,,,38966000000.0,38966000000.0,203861000000.0,,203861000000.0,,,242827000000.0,-38966000000.0,,111786000000.0,2450000000.0,41563000000.0,8743000000.0,4767200000.0,3962000000.0,16783000000.0,12821000000.0,8105000000.0,2048000000.0,1144000000.0,,3996000000.0,,11500000000.0,13692000000.0,2192000000.0,11196000000.0,,,1502000000.0,3772000000.0,949000000.0,2192000000.0,3013000000.0,1873000000.0,5964000000.0,7466000000.0,2823000000.0,3363000000.0,-91138000000.0,,3056000000.0,-98683000000.0,3043000000.0,13894000000.0,-1241000000.0,,3013000000.0,-3369000000.0,9853000000.0,8166000000.0,140000000.0,25140000000.0,,796000000.0,234000000.0,562000000.0,12386000000.0,3593000000.0,,-12754000000.0,,9847000000.0,
2010-03-31,1223630000000.0,16301000000.0,16301000000.0,16301000000.0,43958000000.0,,35224000000.0,10405000000.0,,16613000000.0,16613000000.0,24819000000.0,209515000000.0,,,945977000000.0,,1105476000000.0,46333000000.0,,,46333000000.0,46333000000.0,199879000000.0,,199879000000.0,,,246212000000.0,-46333000000.0,,116142000000.0,1460000000.0,43636000000.0,8743000000.0,5190400000.0,4001000000.0,16118000000.0,12117000000.0,7408000000.0,1883000000.0,1322000000.0,,4168000000.0,,11147000000.0,13225000000.0,2078000000.0,10301000000.0,,,606000000.0,3948000000.0,1401000000.0,2078000000.0,2600000000.0,3679000000.0,6026000000.0,6632000000.0,2547000000.0,8881000000.0,-72070000000.0,,-9328000000.0,-68970000000.0,606000000.0,,690000000.0,7650000000.0,2600000000.0,12695000000.0,-32355000000.0,2240000000.0,38000000.0,38000000.0,,511000000.0,260000000.0,251000000.0,464000000.0,1415000000.0,,426000000.0,,-10779000000.0,
2010-06-30,1225862000000.0,75167000000.0,73121000000.0,75167000000.0,47574000000.0,,64155000000.0,10508000000.0,,37710000000.0,12890000000.0,24820000000.0,291212000000.0,15937000000.0,2046000000.0,953616000000.0,,1104464000000.0,56587000000.0,,,45187000000.0,45187000000.0,185072000000.0,,185072000000.0,,,230259000000.0,-45187000000.0,,119772000000.0,631000000.0,46126000000.0,8743000000.0,5219700000.0,4659000000.0,17405000000.0,12746000000.0,6012000000.0,-2879000000.0,6852000000.0,,9525000000.0,,11449000000.0,13472000000.0,2023000000.0,9945000000.0,,,-56000000.0,4576000000.0,1514000000.0,2023000000.0,3145000000.0,3911000000.0,6599000000.0,6543000000.0,3062000000.0,7973000000.0,229680000000.0,,810000000.0,223875000000.0,-56000000.0,11482000000.0,-1417000000.0,10131000000.0,3145000000.0,-975000000.0,-5728000000.0,-1146000000.0,30000000.0,570000000.0,,378000000.0,260000000.0,118000000.0,401000000.0,750000000.0,,-169000000.0,,1270000000.0,
2010-09-30,1220784000000.0,51789000000.0,49827000000.0,51789000000.0,53316000000.0,,62521000000.0,9636000000.0,,37145000000.0,12314000000.0,24831000000.0,313783000000.0,15740000000.0,1962000000.0,930671000000.0,,1095619000000.0,64715000000.0,,,50715000000.0,50715000000.0,163143000000.0,,163143000000.0,,351000000.0,213858000000.0,-50715000000.0,,123658000000.0,466000000.0,48953000000.0,8756000000.0,5240100000.0,5176000000.0,17429000000.0,12253000000.0,5477000000.0,-2342000000.0,6832000000.0,,9662000000.0,,11098000000.0,13130000000.0,2032000000.0,9776000000.0,,,-56000000.0,5090000000.0,1751000000.0,2032000000.0,3425000000.0,4101000000.0,7122000000.0,7066000000.0,3339000000.0,5946000000.0,101753000000.0,,3620000000.0,104418000000.0,-56000000.0,29505000000.0,-44000000.0,4407000000.0,3425000000.0,13816000000.0,-21332000000.0,5528000000.0,3000000.0,7000000.0,,514000000.0,263000000.0,251000000.0,185000000.0,473000000.0,,178000000.0,,-1570000000.0,
2010-12-31,1258128000000.0,71801000000.0,69477000000.0,71801000000.0,59062000000.0,,62702000000.0,9644000000.0,8141000000.0,24770000000.0,12170000000.0,24770000000.0,317452000000.0,16118000000.0,2324000000.0,724263000000.0,,1130239000000.0,69001000000.0,,,55401000000.0,55401000000.0,156983000000.0,,156983000000.0,,306000000.0,212384000000.0,-55401000000.0,,126408000000.0,487000000.0,51918000000.0,8787000000.0,5256500000.0,5620000000.0,18960000000.0,13340000000.0,4895000000.0,-7537000000.0,7946000000.0,,15429000000.0,,11063000000.0,12969000000.0,1906000000.0,10431000000.0,,,-153000000.0,5086000000.0,1672000000.0,1906000000.0,3493000000.0,2726000000.0,6992000000.0,6839000000.0,3414000000.0,-4028000000.0,120306000000.0,,2901000000.0,132615000000.0,774000000.0,37387000000.0,-280000000.0,,3493000000.0,-29211000000.0,33282000000.0,4686000000.0,20000000.0,21000000.0,,379000000.0,262000000.0,117000000.0,325000000.0,851000000.0,,304000000.0,,43000000.0,
2011-03-31,1244666000000.0,89151000000.0,87036000000.0,89151000000.0,40061000000.0,,61967000000.0,9545000000.0,,36466000000.0,11689000000.0,24777000000.0,300861000000.0,15956000000.0,2115000000.0,950499000000.0,,1109723000000.0,69437000000.0,,,54737000000.0,54737000000.0,148603000000.0,,148603000000.0,,99000000.0,203340000000.0,-54737000000.0,,133471000000.0,541000000.0,54855000000.0,8854000000.0,5278800000.0,5573000000.0,18306000000.0,12733000000.0,4031000000.0,-2919000000.0,7193000000.0,,10445000000.0,,10651000000.0,12472000000.0,1821000000.0,9678000000.0,,,547000000.0,5331000000.0,1572000000.0,1821000000.0,3814000000.0,4042000000.0,7152000000.0,7699000000.0,3759000000.0,17211000000.0,81340000000.0,,-5508000000.0,78930000000.0,547000000.0,,156000000.0,8861000000.0,3814000000.0,1232000000.0,-17509000000.0,-664000000.0,55000000.0,55000000.0,,885000000.0,634000000.0,251000000.0,634000000.0,5217000000.0,,3080000000.0,,934000000.0,
2011-06-30,1259734000000.0,120222000000.0,85842000000.0,87456000000.0,37627000000.0,,61399000000.0,9613000000.0,,35999000000.0,11223000000.0,24776000000.0,314000000000.0,15787000000.0,1614000000.0,944018000000.0,,1121818000000.0,62281000000.0,,,53881000000.0,53881000000.0,142872000000.0,,142872000000.0,,,196753000000.0,-53881000000.0,,136401000000.0,1546000000.0,57942000000.0,8876000000.0,5286500000.0,7174000000.0,19649000000.0,12475000000.0,3544000000.0,-1210000000.0,6919000000.0,,10186000000.0,,10678000000.0,12384000000.0,1706000000.0,9708000000.0,,,527000000.0,5949000000.0,2001000000.0,1706000000.0,4072000000.0,4349000000.0,7655000000.0,8182000000.0,3948000000.0,11350000000.0,68299000000.0,,-2308000000.0,69980000000.0,527000000.0,,-42000000.0,8136000000.0,4072000000.0,-11495000000.0,7226000000.0,-777000000.0,1017000000.0,1017000000.0,,788000000.0,635000000.0,153000000.0,167000000.0,1485000000.0,,-850000000.0,,7081000000.0,
2011-09-30,1304945000000.0,126367000000.0,81362000000.0,82920000000.0,48391000000.0,,61389000000.0,9607000000.0,,35831000000.0,10793000000.0,25038000000.0,354509000000.0,15951000000.0,1558000000.0,973255000000.0,,1165701000000.0,54428000000.0,,,50775000000.0,50775000000.0,133214000000.0,,133214000000.0,,,183989000000.0,-50775000000.0,,137768000000.0,2087000000.0,61135000000.0,8902000000.0,5275500000.0,7391000000.0,19068000000.0,11677000000.0,3447000000.0,-590000000.0,6586000000.0,,9278000000.0,,10542000000.0,12178000000.0,1636000000.0,9086000000.0,,,532000000.0,6053000000.0,1998000000.0,1636000000.0,4142000000.0,2717000000.0,7689000000.0,8221000000.0,4055000000.0,9228000000.0,87929000000.0,,15306000000.0,94532000000.0,532000000.0,,163000000.0,,4142000000.0,-41506000000.0,26533000000.0,-3106000000.0,690000000.0,690000000.0,,923000000.0,636000000.0,287000000.0,213000000.0,1077000000.0,,-477000000.0,,-5745000000.0,
2011-12-31,1313867000000.0,89247000000.0,38357000000.0,39552000000.0,54356000000.0,,53065000000.0,9531000000.0,8802000000.0,35487000000.0,10358000000.0,25115000000.0,386931000000.0,8061000000.0,1195000000.0,650795000000.0,,1172180000000.0,49760000000.0,,,49091000000.0,49091000000.0,125354000000.0,,125354000000.0,,,174445000000.0,-49091000000.0,,140241000000.0,2744000000.0,64385000000.0,8931000000.0,5271800000.0,6844000000.0,19352000000.0,12508000000.0,3526000000.0,-5407000000.0,7904000000.0,,13699000000.0,,10892000000.0,12378000000.0,1486000000.0,9713000000.0,,,-206000000.0,5981000000.0,1874000000.0,1486000000.0,4183000000.0,3230000000.0,7467000000.0,7261000000.0,4107000000.0,-24124000000.0,119417000000.0,,-4852000000.0,121737000000.0,538000000.0,33414000000.0,124000000.0,,4183000000.0,16725000000.0,8525000000.0,-1684000000.0,654000000.0,654000000.0,,785000000.0,632000000.0,153000000.0,282000000.0,3908000000.0,,-372000000.0,,1126000000.0,
2012-03-31,1333799000000.0,107802000000.0,61788000000.0,63395000000.0,49024000000.0,,61041000000.0,9291000000.0,,25140000000.0,9608000000.0,25140000000.0,393454000000.0,17002000000.0,1607000000.0,961754000000.0,,1186950000000.0,51548000000.0,,,50964000000.0,50964000000.0,129752000000.0,,129752000000.0,,,180716000000.0,-50964000000.0,,145516000000.0,2958000000.0,67239000000.0,9008000000.0,5282600000.0,7507000000.0,20500000000.0,12993000000.0,3362000000.0,-1351000000.0,7626000000.0,,10221000000.0,,10888000000.0,12255000000.0,1367000000.0,10748000000.0,,,477000000.0,6576000000.0,2328000000.0,1367000000.0,4320000000.0,5257000000.0,7943000000.0,8420000000.0,4248000000.0,15905000000.0,125187000000.0,,-6431000000.0,120231000000.0,477000000.0,30361000000.0,113000000.0,,4320000000.0,-32961000000.0,14616000000.0,1488000000.0,64000000.0,64000000.0,,1451000000.0,1165000000.0,286000000.0,879000000.0,8999000000.0,0.0,815000000.0,,-2440000000.0,
2012-06-30,1336204000000.0,109703000000.0,57157000000.0,58388000000.0,55622000000.0,,60955000000.0,9317000000.0,,25406000000.0,9244000000.0,25406000000.0,325643000000.0,16988000000.0,1231000000.0,980194000000.0,,1186767000000.0,56532000000.0,,,56023000000.0,56023000000.0,124984000000.0,,124984000000.0,,208000000.0,181007000000.0,-56023000000.0,,148070000000.0,4638000000.0,70456000000.0,9054000000.0,5306900000.0,7870000000.0,20267000000.0,12397000000.0,3117000000.0,-492000000.0,7108000000.0,,9687000000.0,,11037000000.0,12354000000.0,1317000000.0,10252000000.0,,,474000000.0,6993000000.0,2371000000.0,1317000000.0,4721000000.0,5035000000.0,8310000000.0,8784000000.0,4622000000.0,19476000000.0,128213000000.0,,1472000000.0,127821000000.0,474000000.0,12246000000.0,-153000000.0,,4721000000.0,-14758000000.0,-4907000000.0,5059000000.0,2037000000.0,2037000000.0,,1324000000.0,1171000000.0,153000000.0,432000000.0,8134000000.0,0.0,-1605000000.0,,-189000000.0,
2012-09-30,1374715000000.0,137546000000.0,85322000000.0,86911000000.0,54844000000.0,,61168000000.0,9165000000.0,,25637000000.0,8858000000.0,25637000000.0,329159000000.0,17508000000.0,1589000000.0,1020885000000.0,,1218656000000.0,52415000000.0,,,51957000000.0,51957000000.0,130801000000.0,,130801000000.0,,218000000.0,182758000000.0,-51957000000.0,,154679000000.0,5186000000.0,73994000000.0,9105000000.0,5288100000.0,8252000000.0,20364000000.0,12112000000.0,2854000000.0,2298000000.0,4711000000.0,,7117000000.0,,10662000000.0,11925000000.0,1263000000.0,10551000000.0,,,477000000.0,7417000000.0,2480000000.0,1263000000.0,5030000000.0,6743000000.0,8680000000.0,9157000000.0,4937000000.0,14808000000.0,127371000000.0,,4700000000.0,135673000000.0,477000000.0,36582000000.0,43000000.0,,5030000000.0,-38057000000.0,23424000000.0,-4066000000.0,496000000.0,496000000.0,,1451000000.0,1164000000.0,287000000.0,689000000.0,7866000000.0,742000000.0,935000000.0,,175000000.0,
2012-12-31,1422968000000.0,172548000000.0,124268000000.0,125289000000.0,51282000000.0,,61228000000.0,9428000000.0,9229000000.0,34078000000.0,8441000000.0,25637000000.0,325017000000.0,17722000000.0,1021000000.0,755217000000.0,,1264057000000.0,57611000000.0,,,57175000000.0,57175000000.0,127379000000.0,,127379000000.0,,1000000.0,184554000000.0,-57175000000.0,,157554000000.0,6610000000.0,77679000000.0,9136000000.0,5272300000.0,8164000000.0,21060000000.0,12896000000.0,3045000000.0,-1584000000.0,5536000000.0,,10661000000.0,,10643000000.0,11857000000.0,1214000000.0,11305000000.0,,,-128000000.0,7014000000.0,1924000000.0,1214000000.0,5297000000.0,4305000000.0,8228000000.0,8100000000.0,5090000000.0,8351000000.0,116559000000.0,,-11778000000.0,107330000000.0,479000000.0,64881000000.0,-296000000.0,,5297000000.0,-54114000000.0,50637000000.0,5218000000.0,1321000000.0,1321000000.0,,1231000000.0,1065000000.0,166000000.0,91000000.0,2696000000.0,635000000.0,-595000000.0,,4874000000.0,
2013-03-31,1436634000000.0,169335000000.0,121723000000.0,122439000000.0,50246000000.0,,61163000000.0,9263000000.0,,33721000000.0,8084000000.0,25637000000.0,710578000000.0,18179000000.0,716000000.0,744842000000.0,,1273239000000.0,61136000000.0,,,60693000000.0,60693000000.0,126191000000.0,,126191000000.0,,,186884000000.0,-60693000000.0,,162086000000.0,6036000000.0,81264000000.0,9136000000.0,5279000000.0,8248000000.0,20648000000.0,12400000000.0,2370000000.0,1806000000.0,5246000000.0,,7484000000.0,,10499000000.0,11650000000.0,1151000000.0,10760000000.0,,,439000000.0,7591000000.0,2420000000.0,1151000000.0,5220000000.0,4666000000.0,8742000000.0,9181000000.0,5171000000.0,9137000000.0,101235000000.0,,1692000000.0,96654000000.0,439000000.0,2001000000.0,288000000.0,4881000000.0,5220000000.0,-26157000000.0,11377000000.0,3507000000.0,383000000.0,383000000.0,,1590000000.0,1284000000.0,306000000.0,644000000.0,7820000000.0,610000000.0,871000000.0,,-5643000000.0,
2013-06-30,1440563000000.0,175877000000.0,135978000000.0,136902000000.0,42115000000.0,,59719000000.0,9190000000.0,,33338000000.0,7701000000.0,25637000000.0,708551000000.0,17191000000.0,924000000.0,745829000000.0,,1276786000000.0,57368000000.0,,,56983000000.0,56983000000.0,123375000000.0,,123375000000.0,,,180358000000.0,-56983000000.0,,162421000000.0,5858000000.0,84923000000.0,9136000000.0,5304700000.0,9235000000.0,21490000000.0,12255000000.0,1729000000.0,3118000000.0,4886000000.0,,7202000000.0,,10750000000.0,11827000000.0,1077000000.0,10628000000.0,,,439000000.0,8382000000.0,2863000000.0,1077000000.0,5608000000.0,2171000000.0,9459000000.0,9898000000.0,5519000000.0,12978000000.0,109676000000.0,,-2620000000.0,105899000000.0,439000000.0,2004000000.0,-102000000.0,-4993000000.0,5608000000.0,-14819000000.0,3563000000.0,-3710000000.0,1455000000.0,1455000000.0,,1746000000.0,1566000000.0,180000000.0,693000000.0,7892000000.0,0.0,-762000000.0,,1722000000.0,
2013-09-30,1488055000000.0,199470000000.0,172392000000.0,173871000000.0,29401000000.0,,60939000000.0,9120000000.0,,32990000000.0,7353000000.0,25637000000.0,699682000000.0,18829000000.0,1479000000.0,767182000000.0,,1319242000000.0,54250000000.0,,,53851000000.0,53851000000.0,151212000000.0,,151212000000.0,,,205063000000.0,-53851000000.0,,167165000000.0,7290000000.0,88625000000.0,9136000000.0,5295300000.0,9035000000.0,21137000000.0,12102000000.0,1103000000.0,2748000000.0,5082000000.0,,7293000000.0,,10748000000.0,11776000000.0,1028000000.0,9730000000.0,,,438000000.0,8196000000.0,2618000000.0,1028000000.0,5683000000.0,6070000000.0,9224000000.0,9662000000.0,5578000000.0,21103000000.0,72403000000.0,,1878000000.0,72144000000.0,438000000.0,2251000000.0,29000000.0,892000000.0,5683000000.0,-61779000000.0,41665000000.0,-3132000000.0,2140000000.0,2140000000.0,,1886000000.0,1559000000.0,327000000.0,598000000.0,28771000000.0,1707000000.0,165000000.0,,989000000.0,
2013-12-31,1523502000000.0,207911000000.0,206168000000.0,207911000000.0,20833000000.0,,60763000000.0,9156000000.0,10072000000.0,32638000000.0,7001000000.0,25637000000.0,699364000000.0,18969000000.0,1743000000.0,809686000000.0,,1352494000000.0,54220000000.0,,,53883000000.0,53883000000.0,152998000000.0,,152998000000.0,,,206881000000.0,-53883000000.0,,170142000000.0,8104000000.0,92361000000.0,9136000000.0,5270200000.0,6819000000.0,18904000000.0,12085000000.0,1396000000.0,16518000000.0,-13346000000.0,,-8528000000.0,,10803000000.0,11836000000.0,1033000000.0,9862000000.0,,,-116000000.0,8114000000.0,2504000000.0,1033000000.0,5713000000.0,4707000000.0,9147000000.0,9031000000.0,5610000000.0,14423000000.0,45464000000.0,,-8127000000.0,32991000000.0,442000000.0,4765000000.0,-202000000.0,1745000000.0,5713000000.0,-50737000000.0,37305000000.0,-55000000.0,1378000000.0,1378000000.0,,1748000000.0,1544000000.0,204000000.0,289000000.0,8744000000.0,828000000.0,-261000000.0,,991000000.0,
2014-03-31,1546707000000.0,215753000000.0,213831000000.0,215753000000.0,20439000000.0,,60135000000.0,9020000000.0,,25637000000.0,6649000000.0,25637000000.0,730224000000.0,18829000000.0,1922000000.0,821993000000.0,,1370238000000.0,57369000000.0,,,57061000000.0,57061000000.0,153422000000.0,,153422000000.0,,,210483000000.0,-57061000000.0,,175654000000.0,8206000000.0,96368000000.0,9136000000.0,5262800000.0,8482000000.0,20430000000.0,11948000000.0,1322000000.0,7444000000.0,5842000000.0,,2035000000.0,,10615000000.0,11612000000.0,997000000.0,10010000000.0,,,405000000.0,8170000000.0,2277000000.0,997000000.0,6075000000.0,7259000000.0,9167000000.0,9572000000.0,5893000000.0,2841000000.0,30924000000.0,,-2233000000.0,33170000000.0,405000000.0,2212000000.0,139000000.0,-5591000000.0,6075000000.0,-18225000000.0,15196000000.0,3808000000.0,1025000000.0,1025000000.0,,1897000000.0,1545000000.0,352000000.0,617000000.0,3110000000.0,0.0,-408000000.0,,-188000000.0,
2014-06-30,1598874000000.0,229922000000.0,227715000000.0,229922000000.0,34933000000.0,,59553000000.0,8977000000.0,,25705000000.0,6282000000.0,25705000000.0,766882000000.0,18589000000.0,2207000000.0,861233000000.0,,1417325000000.0,62093000000.0,,,61849000000.0,61849000000.0,167878000000.0,,167878000000.0,,,229727000000.0,-61849000000.0,,180859000000.0,9271000000.0,99926000000.0,9136000000.0,5268400000.0,8784000000.0,20978000000.0,12194000000.0,1219000000.0,7773000000.0,5687000000.0,,2013000000.0,,10791000000.0,11793000000.0,1002000000.0,10275000000.0,,,428000000.0,8595000000.0,2869000000.0,1002000000.0,5786000000.0,7091000000.0,9597000000.0,10025000000.0,5726000000.0,5786000000.0,43420000000.0,,3662000000.0,41819000000.0,428000000.0,2087000000.0,-142000000.0,54000000.0,5786000000.0,-34520000000.0,38663000000.0,4158000000.0,2954000000.0,2954000000.0,,2020000000.0,1802000000.0,218000000.0,435000000.0,15383000000.0,1995000000.0,-524000000.0,,904000000.0,
2014-09-30,1636855000000.0,274919000000.0,242886000000.0,245449000000.0,33778000000.0,,59365000000.0,8768000000.0,,31674000000.0,5969000000.0,25705000000.0,763779000000.0,18923000000.0,2563000000.0,892660000000.0,,1453865000000.0,63174000000.0,,,62927000000.0,62927000000.0,184586000000.0,,184586000000.0,,,247513000000.0,-62927000000.0,,182481000000.0,11206000000.0,103494000000.0,9136000000.0,5225900000.0,8561000000.0,21225000000.0,12664000000.0,1391000000.0,2643000000.0,5576000000.0,,5918000000.0,,10941000000.0,11964000000.0,1023000000.0,10272000000.0,,,342000000.0,8371000000.0,2642000000.0,1023000000.0,5955000000.0,4730000000.0,9394000000.0,9736000000.0,5729000000.0,5955000000.0,44360000000.0,,7163000000.0,41581000000.0,390000000.0,1696000000.0,551000000.0,7378000000.0,5955000000.0,-42530000000.0,24865000000.0,-424000000.0,2490000000.0,2490000000.0,,2145000000.0,1787000000.0,358000000.0,324000000.0,19869000000.0,780000000.0,-1386000000.0,,-2603000000.0,
2014-12-31,1687155000000.0,261402000000.0,238791000000.0,241144000000.0,22867000000.0,,59565000000.0,8743000000.0,10463000000.0,31379000000.0,5674000000.0,25705000000.0,794646000000.0,19443000000.0,2353000000.0,897118000000.0,,1501893000000.0,63729000000.0,,,63518000000.0,63518000000.0,183943000000.0,,183943000000.0,266199000000.0,,247461000000.0,-63518000000.0,,184394000000.0,13690000000.0,107040000000.0,9136000000.0,5192200000.0,8143000000.0,21338000000.0,13195000000.0,1488000000.0,-5819000000.0,12819000000.0,,13934000000.0,,11180000000.0,12183000000.0,1003000000.0,10263000000.0,,,168000000.0,8228000000.0,2519000000.0,1003000000.0,5792000000.0,6109000000.0,9231000000.0,9399000000.0,5709000000.0,-22821000000.0,39275000000.0,,7075000000.0,37306000000.0,401000000.0,1702000000.0,-176000000.0,5380000000.0,5792000000.0,-33105000000.0,31779000000.0,493000000.0,2945000000.0,2945000000.0,,2081000000.0,1774000000.0,307000000.0,464000000.0,3792000000.0,0.0,-2481000000.0,,1539000000.0,
2015-03-31,1737737000000.0,295236000000.0,270147000000.0,270949000000.0,26616000000.0,,59269000000.0,8696000000.0,,31076000000.0,5371000000.0,25705000000.0,812745000000.0,19497000000.0,802000000.0,931430000000.0,,1547773000000.0,77730000000.0,,,77697000000.0,77697000000.0,183292000000.0,,183292000000.0,,,260989000000.0,-77697000000.0,,188796000000.0,14556000000.0,110676000000.0,9136000000.0,5160400000.0,7879000000.0,21056000000.0,13177000000.0,1585000000.0,1516000000.0,6051000000.0,,6363000000.0,,10986000000.0,11963000000.0,977000000.0,10292000000.0,,,312000000.0,8083000000.0,2279000000.0,977000000.0,5884000000.0,6063000000.0,9060000000.0,9372000000.0,5804000000.0,-34433000000.0,43235000000.0,,3908000000.0,44009000000.0,374000000.0,1874000000.0,300000000.0,1344000000.0,5884000000.0,-42924000000.0,40631000000.0,14174000000.0,2592000000.0,2592000000.0,,2126000000.0,1762000000.0,364000000.0,614000000.0,5286000000.0,1997000000.0,19000000.0,,222000000.0,
2015-06-30,1720617000000.0,236683000000.0,207646000000.0,210615000000.0,28026000000.0,,59125000000.0,8692000000.0,,30774000000.0,5069000000.0,25705000000.0,838612000000.0,19659000000.0,2969000000.0,900338000000.0,,1529941000000.0,82963000000.0,,,82963000000.0,82963000000.0,179751000000.0,,179751000000.0,,,262714000000.0,-82963000000.0,,189558000000.0,15707000000.0,114093000000.0,9136000000.0,5151900000.0,8589000000.0,21423000000.0,12834000000.0,1256000000.0,2525000000.0,5752000000.0,,6064000000.0,,11270000000.0,12226000000.0,956000000.0,10048000000.0,,,312000000.0,8482000000.0,2763000000.0,956000000.0,5786000000.0,4010000000.0,9438000000.0,9750000000.0,5719000000.0,5786000000.0,60159000000.0,,-9518000000.0,48143000000.0,377000000.0,2088000000.0,82000000.0,-5220000000.0,5786000000.0,14798000000.0,-13253000000.0,5271000000.0,1994000000.0,1994000000.0,,2220000000.0,1885000000.0,335000000.0,398000000.0,8549000000.0,0.0,-1596000000.0,,-106000000.0,
2015-09-30,1751265000000.0,249582000000.0,224891000000.0,227312000000.0,24037000000.0,,58825000000.0,8800000000.0,,30440000000.0,4756000000.0,25684000000.0,855518000000.0,19585000000.0,2421000000.0,926887000000.0,,1557222000000.0,88069000000.0,,,88069000000.0,88069000000.0,185274000000.0,,185274000000.0,,,273343000000.0,-88069000000.0,,193051000000.0,17899000000.0,117593000000.0,9136000000.0,5125800000.0,8422000000.0,21589000000.0,13167000000.0,1691000000.0,2527000000.0,5584000000.0,,5895000000.0,,11457000000.0,12445000000.0,988000000.0,10418000000.0,,,311000000.0,8586000000.0,2790000000.0,988000000.0,5983000000.0,6117000000.0,9574000000.0,9885000000.0,5796000000.0,5983000000.0,47353000000.0,,6716000000.0,48721000000.0,376000000.0,1807000000.0,261000000.0,1920000000.0,5983000000.0,-44307000000.0,23078000000.0,5106000000.0,2137000000.0,2137000000.0,,2246000000.0,1882000000.0,364000000.0,442000000.0,10660000000.0,975000000.0,-720000000.0,,-2292000000.0,
2015-12-31,1787632000000.0,263295000000.0,239520000000.0,243413000000.0,21307000000.0,,59390000000.0,8704000000.0,11017000000.0,30004000000.0,4475000000.0,25529000000.0,862043000000.0,20682000000.0,3893000000.0,954085000000.0,,1593741000000.0,97528000000.0,,,97528000000.0,97528000000.0,3000000000.0,,199536000000.0,310984000000.0,,297064000000.0,-97528000000.0,,192998000000.0,18867000000.0,120866000000.0,9136000000.0,5108300000.0,7662000000.0,21158000000.0,13496000000.0,1886000000.0,-6151000000.0,12570000000.0,,13738000000.0,,11588000000.0,12643000000.0,1055000000.0,9998000000.0,,,265000000.0,8108000000.0,2533000000.0,1055000000.0,5623000000.0,3483000000.0,9163000000.0,9428000000.0,5575000000.0,-49880000000.0,45476000000.0,,-7910000000.0,41073000000.0,377000000.0,30518000000.0,-20000000.0,-9037000000.0,5623000000.0,-34802000000.0,41547000000.0,9459000000.0,1974000000.0,1974000000.0,,2234000000.0,1871000000.0,363000000.0,272000000.0,18535000000.0,0.0,-1702000000.0,,1716000000.0,
2016-03-31,1849182000000.0,288254000000.0,261838000000.0,269933000000.0,19600000000.0,,61939000000.0,8349000000.0,,32176000000.0,5173000000.0,27003000000.0,887876000000.0,21414000000.0,8095000000.0,1020090000000.0,,1650678000000.0,107703000000.0,,,107703000000.0,107703000000.0,3200000000.0,,227888000000.0,107703000000.0,,335591000000.0,-107703000000.0,,197496000000.0,19687000000.0,123891000000.0,9136000000.0,5075700000.0,7675000000.0,21856000000.0,14181000000.0,381000000.0,1109000000.0,6273000000.0,,6566000000.0,,11667000000.0,12972000000.0,1305000000.0,10528000000.0,,,293000000.0,8029000000.0,2567000000.0,1305000000.0,5514000000.0,6939000000.0,9334000000.0,9627000000.0,5462000000.0,-36981000000.0,38455000000.0,,3187000000.0,53401000000.0,360000000.0,38408000000.0,247000000.0,-12532000000.0,5514000000.0,-50366000000.0,45047000000.0,10175000000.0,2029000000.0,2029000000.0,,2244000000.0,1858000000.0,386000000.0,479000000.0,23934000000.0,975000000.0,-575000000.0,,-27000000.0,
2016-06-30,1889235000000.0,285485000000.0,251617000000.0,261335000000.0,25267000000.0,,62014000000.0,8289000000.0,,31672000000.0,4709000000.0,26963000000.0,922841000000.0,22053000000.0,9718000000.0,1037306000000.0,,1686574000000.0,120258000000.0,,,120258000000.0,120258000000.0,3300000000.0,,243927000000.0,120258000000.0,,364185000000.0,-120258000000.0,,201745000000.0,21068000000.0,127076000000.0,9136000000.0,5066900000.0,7969000000.0,21977000000.0,14008000000.0,290000000.0,1611000000.0,6059000000.0,,6358000000.0,,11733000000.0,13146000000.0,1413000000.0,10429000000.0,,,299000000.0,8207000000.0,2649000000.0,1413000000.0,5573000000.0,6732000000.0,9620000000.0,9919000000.0,5558000000.0,5573000000.0,54153000000.0,,-731000000.0,51667000000.0,367000000.0,7021000000.0,25000000.0,-3248000000.0,5573000000.0,-19138000000.0,27825000000.0,12555000000.0,2214000000.0,2214000000.0,,2259000000.0,1881000000.0,378000000.0,316000000.0,24037000000.0,1126000000.0,-772000000.0,,1323000000.0,
2016-09-30,1942124000000.0,277775000000.0,243725000000.0,250169000000.0,28626000000.0,,62274000000.0,8322000000.0,,31062000000.0,4374000000.0,26688000000.0,962242000000.0,22890000000.0,6444000000.0,1012699000000.0,,1738166000000.0,124668000000.0,,,124668000000.0,124668000000.0,3400000000.0,,254835000000.0,124668000000.0,,379503000000.0,-124668000000.0,,203028000000.0,22247000000.0,130288000000.0,9136000000.0,5043400000.0,8326000000.0,22466000000.0,14140000000.0,2340000000.0,1862000000.0,6165000000.0,,6464000000.0,,11952000000.0,13487000000.0,1535000000.0,10376000000.0,,,299000000.0,8245000000.0,2601000000.0,1535000000.0,5654000000.0,4880000000.0,9780000000.0,10079000000.0,5644000000.0,5654000000.0,62697000000.0,,-1221000000.0,58481000000.0,366000000.0,8426000000.0,147000000.0,-1026000000.0,5654000000.0,-39684000000.0,41005000000.0,4152000000.0,1839000000.0,1839000000.0,,2279000000.0,1870000000.0,409000000.0,229000000.0,19706000000.0,0.0,-1610000000.0,,-1120000000.0,
2016-12-31,1930115000000.0,254941000000.0,221400000000.0,228552000000.0,27367000000.0,,63260000000.0,8333000000.0,10852000000.0,30822000000.0,4129000000.0,26693000000.0,989139000000.0,24105000000.0,7152000000.0,1275371000000.0,,1729618000000.0,96781000000.0,,,96781000000.0,96781000000.0,3600000000.0,,255077000000.0,68000000.0,,351858000000.0,-96781000000.0,,199581000000.0,22713000000.0,133075000000.0,9136000000.0,5025500000.0,7649000000.0,21968000000.0,14087000000.0,660000000.0,-7097000000.0,13234000000.0,,14702000000.0,,12402000000.0,14058000000.0,1656000000.0,9180000000.0,,,309000000.0,7532000000.0,2258000000.0,1656000000.0,5304000000.0,-47000000.0,9188000000.0,9497000000.0,5274000000.0,154612000000.0,-141003000000.0,,-1940000000.0,-150290000000.0,368000000.0,21785000000.0,,,5304000000.0,-12931000000.0,9691000000.0,-28080000000.0,2034000000.0,2034000000.0,,2256000000.0,1863000000.0,393000000.0,391000000.0,22434000000.0,0.0,-1643000000.0,,1442000000.0,
2017-03-31,1951564000000.0,278063000000.0,247333000000.0,259988000000.0,18980000000.0,,62493000000.0,8320000000.0,,30517000000.0,3851000000.0,26666000000.0,982579000000.0,23656000000.0,12655000000.0,998934000000.0,,1749075000000.0,94871000000.0,,,94871000000.0,94871000000.0,3400000000.0,,256468000000.0,94871000000.0,,351339000000.0,-94871000000.0,,201500000000.0,24030000000.0,136032000000.0,9136000000.0,5008600000.0,7996000000.0,22255000000.0,14464000000.0,2494000000.0,1048000000.0,6659000000.0,,6948000000.0,,12324000000.0,14213000000.0,1889000000.0,9931000000.0,,,289000000.0,7767000000.0,2133000000.0,1926000000.0,5548000000.0,5450000000.0,9656000000.0,9945000000.0,5634000000.0,21476000000.0,1827000000.0,,-381000000.0,-3973000000.0,356000000.0,32376000000.0,,,5548000000.0,-29273000000.0,15051000000.0,-1064000000.0,2175000000.0,2175000000.0,,2267000000.0,1859000000.0,408000000.0,572000000.0,12975000000.0,0.0,-1603000000.0,,-1031000000.0,
2017-06-30,1930871000000.0,242230000000.0,215948000000.0,217267000000.0,25744000000.0,,61952000000.0,8403000000.0,,30119000000.0,3546000000.0,26573000000.0,963210000000.0,23430000000.0,1319000000.0,993366000000.0,,1724726000000.0,95356000000.0,,,95356000000.0,95356000000.0,3300000000.0,,238869000000.0,345861000000.0,,334225000000.0,-95356000000.0,,205230000000.0,25675000000.0,139524000000.0,9136000000.0,4989900000.0,8695000000.0,22235000000.0,14162000000.0,2778000000.0,2051000000.0,6357000000.0,,6644000000.0,,12471000000.0,14694000000.0,2223000000.0,9764000000.0,,,287000000.0,8101000000.0,2245000000.0,2232000000.0,5848000000.0,6861000000.0,10324000000.0,10611000000.0,5856000000.0,5848000000.0,4921000000.0,,-271000000.0,2307000000.0,353000000.0,35380000000.0,,,5848000000.0,41873000000.0,-37090000000.0,7178000000.0,2287000000.0,2287000000.0,,2255000000.0,1856000000.0,399000000.0,150000000.0,15015000000.0,677000000.0,-1460000000.0,,550000000.0,
2017-09-30,1934939000000.0,246321000000.0,224854000000.0,226155000000.0,20872000000.0,,61903000000.0,8449000000.0,,29900000000.0,3319000000.0,26581000000.0,951969000000.0,23554000000.0,1301000000.0,987990000000.0,,1728115000000.0,93811000000.0,,,93811000000.0,93811000000.0,3100000000.0,,238893000000.0,342201000000.0,,332704000000.0,-93811000000.0,,205929000000.0,27772000000.0,141761000000.0,9136000000.0,4948600000.0,7447000000.0,21849000000.0,15133000000.0,3312000000.0,808000000.0,6351000000.0,,6639000000.0,,12449000000.0,15044000000.0,2595000000.0,9400000000.0,,,288000000.0,6723000000.0,2181000000.0,2582000000.0,4654000000.0,5068000000.0,9318000000.0,9606000000.0,4542000000.0,4654000000.0,4453000000.0,,3027000000.0,-797000000.0,353000000.0,3526000000.0,,,4654000000.0,-3286000000.0,-7278000000.0,-1459000000.0,2601000000.0,2601000000.0,,2309000000.0,1890000000.0,419000000.0,183000000.0,10368000000.0,0.0,-2418000000.0,,-1042000000.0,
2017-12-31,1951757000000.0,237151000000.0,215947000000.0,216973000000.0,20820000000.0,,61997000000.0,8847000000.0,11300000000.0,29635000000.0,3048000000.0,26587000000.0,942292000000.0,23515000000.0,1026000000.0,1262310000000.0,,1743678000000.0,103256000000.0,,,103256000000.0,103256000000.0,3600000000.0,,225020000000.0,12214000000.0,,328276000000.0,-14572000000.0,,206936000000.0,29892000000.0,145263000000.0,9136000000.0,4912100000.0,2976000000.0,22050000000.0,17516000000.0,-242000000.0,-12805000000.0,14094000000.0,,15653000000.0,,12313000000.0,14958000000.0,2645000000.0,9737000000.0,,,336000000.0,4509000000.0,-1642000000.0,2612000000.0,6410000000.0,5629000000.0,7154000000.0,7490000000.0,6151000000.0,-19031000000.0,4494000000.0,,2462000000.0,5071000000.0,353000000.0,5280000000.0,,,6410000000.0,-22466000000.0,18397000000.0,9365000000.0,2845000000.0,2845000000.0,,2278000000.0,1875000000.0,403000000.0,306000000.0,5217000000.0,0.0,-2539000000.0,,4161000000.0,
2018-03-31,1915388000000.0,309113000000.0,202395000000.0,287588000000.0,22096000000.0,,38041000000.0,8828000000.0,,29213000000.0,2768000000.0,26445000000.0,529351000000.0,1439314000000.0,85193000000.0,784545000000.0,,1709478000000.0,97207000000.0,,,97207000000.0,97207000000.0,3500000000.0,,227302000000.0,29109000000.0,,324509000000.0,-97207000000.0,,204952000000.0,31246000000.0,147928000000.0,9136000000.0,4885700000.0,6636000000.0,21934000000.0,15298000000.0,-783000000.0,-303000000.0,6674000000.0,,6939000000.0,,12238000000.0,15347000000.0,3109000000.0,9696000000.0,,,265000000.0,6510000000.0,1374000000.0,3109000000.0,5327000000.0,2477000000.0,9619000000.0,9884000000.0,5136000000.0,36058000000.0,3160000000.0,,3756000000.0,-14074000000.0,330000000.0,935000000.0,,,5327000000.0,10161000000.0,-38943000000.0,-5165000000.0,3029000000.0,3029000000.0,,2285000000.0,1867000000.0,418000000.0,382000000.0,15517000000.0,0.0,-2647000000.0,,7276000000.0,
2018-06-30,1879700000000.0,276946000000.0,163449000000.0,252029000000.0,499000000.0,,37809000000.0,8882000000.0,,28927000000.0,2498000000.0,26429000000.0,529193000000.0,1442175000000.0,88580000000.0,796523000000.0,,1673631000000.0,104496000000.0,,,104496000000.0,104496000000.0,3500000000.0,,219284000000.0,18591000000.0,,323780000000.0,-104496000000.0,,205188000000.0,32620000000.0,150803000000.0,9136000000.0,4865800000.0,7054000000.0,21553000000.0,14499000000.0,3926000000.0,357000000.0,6432000000.0,,6697000000.0,,12541000000.0,16015000000.0,3474000000.0,9012000000.0,,,265000000.0,6996000000.0,1810000000.0,3474000000.0,5309000000.0,4646000000.0,10470000000.0,10735000000.0,5186000000.0,5309000000.0,4871000000.0,,-3236000000.0,-10551000000.0,330000000.0,1019000000.0,,,5309000000.0,550000000.0,-38647000000.0,6405000000.0,2923000000.0,2923000000.0,,2309000000.0,1855000000.0,454000000.0,64000000.0,5791000000.0,0.0,-2859000000.0,,5309000000.0,
2018-09-30,1872981000000.0,284023000000.0,159523000000.0,263033000000.0,522000000.0,,37467000000.0,8802000000.0,,28665000000.0,2240000000.0,26425000000.0,542093000000.0,1435598000000.0,103510000000.0,794998000000.0,,1673302000000.0,105451000000.0,,,105451000000.0,105451000000.0,3400000000.0,,221323000000.0,11643000000.0,,326774000000.0,-105451000000.0,,198741000000.0,40538000000.0,154576000000.0,9136000000.0,4784000000.0,7530000000.0,21941000000.0,14411000000.0,4372000000.0,710000000.0,6556000000.0,,6820000000.0,,12572000000.0,16364000000.0,3792000000.0,9369000000.0,,,264000000.0,7519000000.0,1512000000.0,3792000000.0,6086000000.0,4995000000.0,11311000000.0,11575000000.0,6007000000.0,-23796000000.0,3998000000.0,,589000000.0,-10232000000.0,332000000.0,827000000.0,,,6086000000.0,-220000000.0,-10364000000.0,955000000.0,7382000000.0,7382000000.0,,2347000000.0,2008000000.0,339000000.0,102000000.0,10089000000.0,0.0,-7280000000.0,,6086000000.0,
2018-12-31,1895883000000.0,289999000000.0,173287000000.0,272832000000.0,451000000.0,,37340000000.0,8920000000.0,11169000000.0,28420000000.0,2002000000.0,26418000000.0,544766000000.0,1453920000000.0,99545000000.0,1056627000000.0,,1698817000000.0,105787000000.0,,,105787000000.0,105787000000.0,3900000000.0,,229044000000.0,7810000000.0,,334831000000.0,-105787000000.0,,196166000000.0,47194000000.0,158163000000.0,9136000000.0,4664400000.0,7052000000.0,20980000000.0,13928000000.0,4798000000.0,-6898000000.0,11252000000.0,,13918000000.0,,12644000000.0,16921000000.0,4277000000.0,8336000000.0,,,506000000.0,7030000000.0,966000000.0,4277000000.0,6154000000.0,6601000000.0,11307000000.0,11813000000.0,6064000000.0,15034000000.0,4314000000.0,,-1974000000.0,-9012000000.0,332000000.0,811000000.0,,,6154000000.0,-18245000000.0,16975000000.0,336000000.0,7299000000.0,7299000000.0,,2373000000.0,1962000000.0,411000000.0,84000000.0,16198000000.0,0.0,-7215000000.0,,30465000000.0,
2019-03-31,1887792000000.0,267966000000.0,148968000000.0,251932000000.0,436000000.0,,37194000000.0,8825000000.0,,28369000000.0,1949000000.0,26420000000.0,547133000000.0,1448070000000.0,102964000000.0,1068678000000.0,,1689059000000.0,106597000000.0,,,106597000000.0,106597000000.0,3700000000.0,,236339000000.0,12701000000.0,,342936000000.0,1264013000000.0,,197832000000.0,50519000000.0,160776000000.0,9136000000.0,4551500000.0,6782000000.0,21609000000.0,14827000000.0,,-326000000.0,7080000000.0,,7108000000.0,,12311000000.0,17003000000.0,4692000000.0,9298000000.0,,,28000000.0,6741000000.0,881000000.0,4692000000.0,5967000000.0,8033000000.0,11433000000.0,11461000000.0,5860000000.0,7951000000.0,4527000000.0,,-541000000.0,-9139000000.0,94000000.0,707000000.0,,,5967000000.0,-9026000000.0,-23244000000.0,810000000.0,4820000000.0,4820000000.0,,2291000000.0,1997000000.0,294000000.0,181000000.0,17338000000.0,0.0,-4639000000.0,,-12758000000.0,
2019-06-30,1923388000000.0,294764000000.0,164427000000.0,270585000000.0,377000000.0,,37750000000.0,9435000000.0,,28315000000.0,1900000000.0,26415000000.0,551091000000.0,1458413000000.0,106158000000.0,1092339000000.0,,1723351000000.0,115344000000.0,,,115344000000.0,115344000000.0,3900000000.0,,241476000000.0,12784000000.0,,356820000000.0,1288426000000.0,,199042000000.0,54775000000.0,164551000000.0,9136000000.0,4469400000.0,7563000000.0,21584000000.0,14021000000.0,,940000000.0,6596000000.0,,6623000000.0,,12095000000.0,16986000000.0,4891000000.0,9489000000.0,,,27000000.0,7500000000.0,1294000000.0,4891000000.0,6338000000.0,7664000000.0,12391000000.0,12418000000.0,6206000000.0,-669000000.0,7343000000.0,,-6579000000.0,-12630000000.0,96000000.0,698000000.0,,,6338000000.0,-10698000000.0,26826000000.0,8747000000.0,4898000000.0,4898000000.0,,2374000000.0,1957000000.0,417000000.0,61000000.0,15753000000.0,0.0,-4837000000.0,,6338000000.0,
2019-09-30,1943950000000.0,266212000000.0,148731000000.0,266212000000.0,437000000.0,,42421000000.0,9315000000.0,,28250000000.0,1862000000.0,26388000000.0,576559000000.0,945200000000.0,117481000000.0,1087351000000.0,,1749534000000.0,123908000000.0,,,123908000000.0,123908000000.0,3800000000.0,,230651000000.0,13509000000.0,,354559000000.0,1308495000000.0,,193304000000.0,61785000000.0,166320000000.0,9136000000.0,4358500000.0,6048000000.0,22010000000.0,15962000000.0,272000000.0,-598000000.0,6619000000.0,,6646000000.0,,11625000000.0,16499000000.0,4874000000.0,10385000000.0,,,27000000.0,5914000000.0,1304000000.0,4874000000.0,4812000000.0,5195000000.0,10788000000.0,10815000000.0,4610000000.0,-12975000000.0,7883000000.0,,8073000000.0,13886000000.0,95000000.0,587000000.0,,,4812000000.0,-7381000000.0,4660000000.0,8564000000.0,7448000000.0,7448000000.0,,2458000000.0,2164000000.0,294000000.0,114000000.0,7129000000.0,0.0,-7334000000.0,,4812000000.0,
2019-12-31,1927555000000.0,262919000000.0,141250000000.0,262919000000.0,303000000.0,,42290000000.0,9309000000.0,,28257000000.0,1867000000.0,26390000000.0,573334000000.0,952714000000.0,121669000000.0,1089913000000.0,,1739571000000.0,104512000000.0,,,104512000000.0,104512000000.0,11578000000.0,32000000.0,228191000000.0,12109000000.0,,332703000000.0,-104512000000.0,,187146000000.0,68831000000.0,166697000000.0,9136000000.0,4195100000.0,3531000000.0,19860000000.0,16329000000.0,331000000.0,-15969000000.0,11853000000.0,,15578000000.0,,11272000000.0,15667000000.0,4395000000.0,10357000000.0,,,1318000000.0,5321000000.0,2282000000.0,4395000000.0,2924000000.0,3201000000.0,9716000000.0,11034000000.0,3039000000.0,12423000000.0,6638000000.0,,1476000000.0,-14759000000.0,97000000.0,674000000.0,,,2924000000.0,-2526000000.0,-17378000000.0,-19396000000.0,7367000000.0,7367000000.0,,2466000000.0,2080000000.0,386000000.0,24000000.0,13161000000.0,0.0,-7343000000.0,,-7481000000.0,
2020-03-31,1981349000000.0,259410000000.0,150809000000.0,259410000000.0,252000000.0,,41958000000.0,9108000000.0,,28200000000.0,1819000000.0,26381000000.0,1584744000000.0,998580000000.0,108601000000.0,1125708000000.0,,1798019000000.0,92289000000.0,,,92289000000.0,92289000000.0,4200000000.0,,237342000000.0,13253000000.0,,329631000000.0,1376532000000.0,,182718000000.0,70215000000.0,165308000000.0,9136000000.0,4104800000.0,598000000.0,17717000000.0,17119000000.0,260000000.0,-8484000000.0,7474000000.0,,8127000000.0,,11312000000.0,14727000000.0,3415000000.0,6405000000.0,,,23000000.0,812000000.0,159000000.0,3415000000.0,505000000.0,399000000.0,4227000000.0,4250000000.0,653000000.0,17273000000.0,3686000000.0,,933000000.0,-7843000000.0,89000000.0,500000000.0,,,505000000.0,-44303000000.0,36589000000.0,-12223000000.0,3407000000.0,3407000000.0,,2312000000.0,2032000000.0,280000000.0,209000000.0,18895000000.0,1968000000.0,-1230000000.0,,9559000000.0,
2020-06-30,1967048000000.0,364521000000.0,262503000000.0,364521000000.0,195000000.0,,41708000000.0,9025000000.0,,28135000000.0,1750000000.0,26385000000.0,1478097000000.0,916229000000.0,102018000000.0,1041085000000.0,,1788644000000.0,60485000000.0,,,60485000000.0,60485000000.0,4200000000.0,,230921000000.0,10826000000.0,,291406000000.0,1410711000000.0,,179386000000.0,69050000000.0,159952000000.0,9136000000.0,4105500000.0,-6349000000.0,17836000000.0,24185000000.0,244000000.0,-9799000000.0,1766000000.0,,2422000000.0,,9892000000.0,11813000000.0,1921000000.0,8394000000.0,,,22000000.0,-5847000000.0,-2001000000.0,1921000000.0,-2332000000.0,-1613000000.0,-3926000000.0,-3904000000.0,-3846000000.0,16119000000.0,4113000000.0,,-3920000000.0,-21106000000.0,122000000.0,,,,-3798000000.0,103687000000.0,-8112000000.0,-31804000000.0,2000000.0,2000000.0,,2397000000.0,2023000000.0,374000000.0,245000000.0,18769000000.0,0.0,243000000.0,,-2332000000.0,
2020-09-30,1920399000000.0,348150000000.0,246770000000.0,345076000000.0,156000000.0,,41476000000.0,8977000000.0,,28078000000.0,1691000000.0,26387000000.0,1465600000000.0,900619000000.0,98306000000.0,1001699000000.0,,1740188000000.0,55224000000.0,,,55224000000.0,55224000000.0,4000000000.0,,215711000000.0,55224000000.0,,270935000000.0,1383215000000.0,,181173000000.0,68384000000.0,160913000000.0,9136000000.0,4123800000.0,2499000000.0,18862000000.0,16363000000.0,291000000.0,-974000000.0,995000000.0,,3473000000.0,,9379000000.0,10811000000.0,1432000000.0,9937000000.0,,,266000000.0,3133000000.0,-83000000.0,1432000000.0,2219000000.0,2084000000.0,4565000000.0,4831000000.0,3216000000.0,-8576000000.0,1660000000.0,,-245000000.0,-18222000000.0,74000000.0,,,,3401000000.0,42658000000.0,-49815000000.0,-5261000000.0,3000000.0,3000000.0,,655000000.0,399000000.0,256000000.0,59000000.0,237000000.0,0.0,56000000.0,,2219000000.0,
2020-12-31,1952911000000.0,410100000000.0,264612000000.0,373716000000.0,159000000.0,,32352000000.0,1504000000.0,,28046000000.0,1654000000.0,26392000000.0,1469193000000.0,563467000000.0,109104000000.0,964905000000.0,,1767199000000.0,58999000000.0,,,58999000000.0,58999000000.0,4200000000.0,28000000.0,212950000000.0,58999000000.0,,271949000000.0,-58999000000.0,,184680000000.0,67791000000.0,161945000000.0,9136000000.0,4137800000.0,-4841000000.0,19684000000.0,14896000000.0,205000000.0,-9339000000.0,964000000.0,,4427000000.0,,9355000000.0,10550000000.0,1195000000.0,9134000000.0,,,1089000000.0,3665000000.0,574000000.0,1195000000.0,3194000000.0,4012000000.0,4860000000.0,5949000000.0,3091000000.0,-22765000000.0,-1045000000.0,,4752000000.0,19575000000.0,160000000.0,,,,3292000000.0,20512000000.0,20095000000.0,3775000000.0,3000000.0,3000000.0,,778000000.0,398000000.0,380000000.0,58000000.0,235000000.0,1148000000.0,1203000000.0,,17842000000.0,
2021-03-31,1957264000000.0,426352000000.0,286733000000.0,390918000000.0,140000000.0,,32045000000.0,1662000000.0,,27908000000.0,1618000000.0,26290000000.0,1444821000000.0,844644000000.0,104185000000.0,964123000000.0,,1771195000000.0,58920000000.0,,,58920000000.0,58920000000.0,4100000000.0,,183312000000.0,58920000000.0,,242232000000.0,47033000000.0,,187218000000.0,67589000000.0,166772000000.0,9136000000.0,4141300000.0,7143000000.0,19770000000.0,13232000000.0,226000000.0,4796000000.0,860000000.0,,2347000000.0,,8808000000.0,10046000000.0,1238000000.0,9724000000.0,,,86000000.0,5537000000.0,901000000.0,1238000000.0,4796000000.0,3192000000.0,6775000000.0,6861000000.0,4636000000.0,-3470000000.0,1091000000.0,,-1310000000.0,520000000.0,151000000.0,,,,4690000000.0,15528000000.0,10063000000.0,-79000000.0,596000000.0,596000000.0,,659000000.0,383000000.0,276000000.0,66000000.0,110000000.0,4529000000.0,3999000000.0,,22121000000.0,
2021-06-30,1945996000000.0,417825000000.0,274173000000.0,392231000000.0,-769013000000.0,,31840000000.0,1972000000.0,,27787000000.0,1593000000.0,26194000000.0,1467225000000.0,598112000000.0,118058000000.0,479467000000.0,,1752869000000.0,45635000000.0,,,45635000000.0,45635000000.0,4200000000.0,,179656000000.0,45635000000.0,,225291000000.0,1440472000000.0,,191262000000.0,69038000000.0,171765000000.0,9136000000.0,4124600000.0,10425000000.0,21163000000.0,12340000000.0,226000000.0,8112000000.0,867000000.0,,2313000000.0,,8800000000.0,9693000000.0,893000000.0,11470000000.0,,,53000000.0,7485000000.0,1445000000.0,893000000.0,6744000000.0,6726000000.0,8378000000.0,8431000000.0,6040000000.0,-8062000000.0,1254000000.0,,-262000000.0,14359000000.0,33000000.0,,,,6744000000.0,15276000000.0,-19774000000.0,-13285000000.0,1565000000.0,1565000000.0,,765000000.0,412000000.0,353000000.0,48000000.0,1015000000.0,0.0,-1517000000.0,,6744000000.0,
2021-09-30,1954901000000.0,386441000000.0,266687000000.0,361630000000.0,-772289000000.0,,38359000000.0,1988000000.0,,27758000000.0,1567000000.0,26191000000.0,1489050000000.0,609519000000.0,94943000000.0,476824000000.0,,1763830000000.0,41980000000.0,,,41980000000.0,41980000000.0,4500000000.0,,162982000000.0,12535000000.0,,204962000000.0,29445000000.0,,189028000000.0,74169000000.0,175709000000.0,9136000000.0,4056300000.0,9281000000.0,19759000000.0,12189000000.0,220000000.0,6972000000.0,891000000.0,,2309000000.0,,8909000000.0,9834000000.0,925000000.0,9925000000.0,,,81000000.0,6643000000.0,1521000000.0,925000000.0,5405000000.0,4509000000.0,7568000000.0,7649000000.0,5122000000.0,-4810000000.0,1062000000.0,,4189000000.0,9063000000.0,61000000.0,,,,5405000000.0,-7021000000.0,4345000000.0,-3655000000.0,5291000000.0,5291000000.0,,1046000000.0,808000000.0,238000000.0,100000000.0,18000000.0,1227000000.0,-3964000000.0,,5405000000.0,
2021-12-31,1948068000000.0,346112000000.0,234230000000.0,322495000000.0,-416461000000.0,,36679000000.0,2389000000.0,,26674000000.0,1494000000.0,25180000000.0,1514120000000.0,1193508000000.0,88265000000.0,440907000000.0,,1757958000000.0,34409000000.0,,,34409000000.0,34409000000.0,4900000000.0,26000000.0,160689000000.0,34409000000.0,,195098000000.0,-21191000000.0,,187606000000.0,79757000000.0,180322000000.0,9136000000.0,3926300000.0,9195000000.0,21715000000.0,13007000000.0,195000000.0,5531000000.0,950000000.0,,3590000000.0,,9262000000.0,10121000000.0,859000000.0,11594000000.0,,,1180000000.0,7461000000.0,1711000000.0,859000000.0,6399000000.0,5225000000.0,8320000000.0,9500000000.0,5750000000.0,4817000000.0,977000000.0,,-1150000000.0,169000000.0,151000000.0,,,,6399000000.0,-31402000000.0,-5872000000.0,-7571000000.0,7012000000.0,7012000000.0,,1157000000.0,819000000.0,338000000.0,0.0,132000000.0,0.0,-7226000000.0,,-32457000000.0,
2022-03-31,1939709000000.0,308391000000.0,201895000000.0,288567000000.0,-390789000000.0,,36441000000.0,2433000000.0,,26619000000.0,1438000000.0,25181000000.0,1532117000000.0,606671000000.0,86672000000.0,419781000000.0,,1758020000000.0,33601000000.0,,,33601000000.0,33601000000.0,13632000000.0,,153337000000.0,33601000000.0,,186938000000.0,-19969000000.0,,179243000000.0,85059000000.0,182623000000.0,9136000000.0,3831100000.0,6126000000.0,18688000000.0,13330000000.0,188000000.0,3940000000.0,821000000.0,,2186000000.0,,9221000000.0,10181000000.0,960000000.0,8507000000.0,,,74000000.0,4534000000.0,746000000.0,960000000.0,3802000000.0,-1265000000.0,5494000000.0,5568000000.0,3788000000.0,199000000.0,661000000.0,,3271000000.0,105000000.0,133000000.0,,,,3918000000.0,-22961000000.0,-9573000000.0,-980000000.0,6018000000.0,6018000000.0,,1178000000.0,958000000.0,220000000.0,0.0,8089000000.0,0.0,-6018000000.0,,-32335000000.0,
2022-06-30,1881141000000.0,253971000000.0,155140000000.0,244297000000.0,-325982000000.0,,36363000000.0,2498000000.0,,26582000000.0,1404000000.0,25178000000.0,1533773000000.0,578546000000.0,89157000000.0,360730000000.0,,1701349000000.0,37075000000.0,,,37075000000.0,37075000000.0,13188000000.0,,150291000000.0,37075000000.0,,187366000000.0,-23887000000.0,,177532000000.0,84906000000.0,184475000000.0,9136000000.0,3793800000.0,3816000000.0,18398000000.0,13712000000.0,185000000.0,1699000000.0,807000000.0,,2117000000.0,,10198000000.0,11556000000.0,1358000000.0,6842000000.0,,,79000000.0,3764000000.0,622000000.0,1358000000.0,2952000000.0,-627000000.0,5122000000.0,5201000000.0,3142000000.0,7588000000.0,1579000000.0,,-1192000000.0,-5345000000.0,64000000.0,,,,2976000000.0,-4508000000.0,-49835000000.0,3474000000.0,4000000.0,4000000.0,,1284000000.0,946000000.0,338000000.0,0.0,8289000000.0,0.0,-4000000.0,,2952000000.0,
2022-09-30,1877719000000.0,260655000000.0,165455000000.0,251221000000.0,-362019000000.0,,36234000000.0,2601000000.0,,26538000000.0,1366000000.0,25172000000.0,460935000000.0,561595000000.0,85766000000.0,362019000000.0,,1699336000000.0,48382000000.0,,,48382000000.0,48382000000.0,977883000000.0,,156412000000.0,48382000000.0,,204794000000.0,-34583000000.0,,176189000000.0,84781000000.0,186551000000.0,9136000000.0,3796500000.0,4413000000.0,21962000000.0,15359000000.0,186000000.0,2320000000.0,858000000.0,,2093000000.0,,12098000000.0,14494000000.0,2396000000.0,7468000000.0,,,76000000.0,4504000000.0,912000000.0,2396000000.0,3500000000.0,-143000000.0,6900000000.0,6976000000.0,3592000000.0,12016000000.0,2024000000.0,,2468000000.0,-9418000000.0,62000000.0,,,,3564000000.0,919000000.0,-2620000000.0,11307000000.0,5000000.0,5000000.0,,1355000000.0,1136000000.0,219000000.0,0.0,19712000000.0,0.0,-5000000.0,,,
2022-12-31,1881020000000.0,252416000000.0,159157000000.0,245312000000.0,-369987000000.0,,36122000000.0,2560000000.0,,26495000000.0,1322000000.0,25173000000.0,455178000000.0,116033000000.0,86155000000.0,369987000000.0,,1698807000000.0,51145000000.0,,,51145000000.0,51145000000.0,51145000000.0,22000000.0,174870000000.0,51145000000.0,,226015000000.0,-51145000000.0,,180227000000.0,82853000000.0,187968000000.0,9136000000.0,3799800000.0,1588000000.0,23811000000.0,17412000000.0,191000000.0,-1640000000.0,900000000.0,,3228000000.0,,13433000000.0,17793000000.0,4360000000.0,6018000000.0,,,971000000.0,2467000000.0,-193000000.0,4360000000.0,2628000000.0,3538000000.0,6827000000.0,7798000000.0,2660000000.0,7245000000.0,4025000000.0,,-4778000000.0,633000000.0,139000000.0,,,,2424000000.0,-15926000000.0,2383000000.0,2763000000.0,6000000.0,6000000.0,,1476000000.0,1138000000.0,338000000.0,0.0,17647000000.0,0.0,-6000000.0,,,
2023-03-31,1886400000000.0,258687000000.0,156431000000.0,252488000000.0,-379152000000.0,,35858000000.0,2783000000.0,,26443000000.0,1270000000.0,25173000000.0,430155000000.0,572207000000.0,90052000000.0,379152000000.0,,1703180000000.0,81007000000.0,,,81007000000.0,81007000000.0,81007000000.0,,173466000000.0,81007000000.0,,254473000000.0,-81007000000.0,,181168000000.0,86049000000.0,191688000000.0,9136000000.0,3785600000.0,5228000000.0,26749000000.0,15121000000.0,177000000.0,3058000000.0,867000000.0,,2170000000.0,,13336000000.0,19356000000.0,6020000000.0,7393000000.0,,,74000000.0,5957000000.0,966000000.0,6020000000.0,4880000000.0,5781000000.0,11977000000.0,12051000000.0,4991000000.0,7406000000.0,5477000000.0,,-1145000000.0,6358000000.0,135000000.0,,,,4880000000.0,-7955000000.0,-2177000000.0,29862000000.0,4016000000.0,4016000000.0,,1357000000.0,1137000000.0,220000000.0,0.0,157000000.0,0.0,-4016000000.0,,-2726000000.0,
2023-06-30,1876320000000.0,258219000000.0,154418000000.0,252190000000.0,-385883000000.0,,35583000000.0,2882000000.0,,26414000000.0,1239000000.0,25175000000.0,439705000000.0,570939000000.0,96857000000.0,385883000000.0,,1694368000000.0,84255000000.0,,,84255000000.0,84255000000.0,170632000000.0,,170632000000.0,84255000000.0,,254887000000.0,-84255000000.0,,180191000000.0,89860000000.0,195164000000.0,9136000000.0,3699900000.0,4683000000.0,28200000000.0,14942000000.0,180000000.0,2488000000.0,891000000.0,,2195000000.0,,13163000000.0,20830000000.0,7667000000.0,7370000000.0,,,75000000.0,5868000000.0,930000000.0,7667000000.0,4903000000.0,4069000000.0,13535000000.0,13610000000.0,4938000000.0,-755000000.0,7371000000.0,,3165000000.0,14696000000.0,62000000.0,,,,4903000000.0,20601000000.0,-21859000000.0,3248000000.0,4005000000.0,4005000000.0,,1449000000.0,1112000000.0,337000000.0,0.0,5467000000.0,0.0,-4005000000.0,,-2013000000.0,
2023-09-30,1909261000000.0,319279000000.0,216716000000.0,314971000000.0,-438852000000.0,,35419000000.0,3082000000.0,,26375000000.0,1201000000.0,25174000000.0,425117000000.0,546752000000.0,97075000000.0,438852000000.0,,1726888000000.0,93330000000.0,,,93330000000.0,93330000000.0,190035000000.0,,190035000000.0,93330000000.0,,283365000000.0,-93330000000.0,,180715000000.0,91215000000.0,199287000000.0,9136000000.0,3648800000.0,5949000000.0,29845000000.0,14482000000.0,172000000.0,3700000000.0,939000000.0,,2249000000.0,,13105000000.0,22093000000.0,8988000000.0,7752000000.0,,,72000000.0,6578000000.0,811000000.0,8988000000.0,5736000000.0,3331000000.0,15566000000.0,15638000000.0,5767000000.0,15505000000.0,8034000000.0,,-3634000000.0,-15592000000.0,-51000000.0,,,,5736000000.0,7628000000.0,39165000000.0,9075000000.0,1480000000.0,1480000000.0,,1514000000.0,1275000000.0,239000000.0,0.0,27820000000.0,0.0,242000000.0,,,
2023-12-31,1932468000000.0,339457000000.0,236052000000.0,334521000000.0,-524614000000.0,,34145000000.0,3708000000.0,,25175000000.0,8508000000.0,25175000000.0,417779000000.0,480202000000.0,97302000000.0,470890000000.0,,1745025000000.0,89559000000.0,,,89559000000.0,89559000000.0,207588000000.0,19000000.0,207588000000.0,11883000000.0,,297147000000.0,-11883000000.0,,185735000000.0,92960000000.0,201136000000.0,9136000000.0,3620500000.0,2692000000.0,30546000000.0,17236000000.0,168000000.0,-628000000.0,999000000.0,,3320000000.0,,12771000000.0,22839000000.0,10068000000.0,7707000000.0,,,1079000000.0,3346000000.0,-100000000.0,10068000000.0,3510000000.0,7743000000.0,13414000000.0,14493000000.0,3446000000.0,18202000000.0,9549000000.0,,6229000000.0,1649000000.0,1494000000.0,,,,3510000000.0,-4231000000.0,5365000000.0,-3771000000.0,2350000000.0,2350000000.0,,1610000000.0,1265000000.0,345000000.0,,15627000000.0,0.0,-2350000000.0,,,
2024-03-31,1959153000000.0,384444000000.0,268596000000.0,378971000000.0,-154781000000.0,,34132000000.0,3917000000.0,,25173000000.0,8248000000.0,25173000000.0,426637000000.0,490167000000.0,109324000000.0,447722000000.0,,1776479000000.0,109014000000.0,,,109014000000.0,109014000000.0,1311303000000.0,,187764000000.0,22528000000.0,,296778000000.0,-22528000000.0,,180943000000.0,98256000000.0,203870000000.0,9136000000.0,3560100000.0,5207000000.0,31476000000.0,15440000000.0,164000000.0,3195000000.0,911000000.0,,2012000000.0,,12227000000.0,22840000000.0,10613000000.0,8636000000.0,,,1819000000.0,5583000000.0,964000000.0,10613000000.0,4623000000.0,3653000000.0,16196000000.0,18266000000.0,4619000000.0,-12125000000.0,10385000000.0,,111000000.0,16230000000.0,1819000000.0,,,,4623000000.0,21095000000.0,23574000000.0,19455000000.0,6001000000.0,6001000000.0,,1474000000.0,1247000000.0,227000000.0,,14592000000.0,,-6001000000.0,,,
2024-06-30,1940073000000.0,360101000000.0,230780000000.0,352789000000.0,253519000000.0,,34397000000.0,4243000000.0,,25172000000.0,8027000000.0,25172000000.0,432488000000.0,484129000000.0,120766000000.0,483695000000.0,,1761925000000.0,118834000000.0,,,118834000000.0,118834000000.0,1283499000000.0,,179136000000.0,13001000000.0,,297970000000.0,-118834000000.0,,176430000000.0,104247000000.0,207281000000.0,9136000000.0,3448300000.0,5469000000.0,31650000000.0,14688000000.0,159000000.0,3343000000.0,987000000.0,,2126000000.0,,11923000000.0,22884000000.0,10961000000.0,8766000000.0,,,1972000000.0,6161000000.0,1251000000.0,10961000000.0,4909000000.0,4735000000.0,17122000000.0,18103000000.0,4910000000.0,2050000000.0,11167000000.0,,2571000000.0,6726000000.0,1972000000.0,,,,4909000000.0,-14584000000.0,-25282000000.0,9820000000.0,6012000000.0,6012000000.0,,1536000000.0,1204000000.0,332000000.0,,6104000000.0,,-6012000000.0,,,
2024-09-30,1922125000000.0,313498000000.0,184128000000.0,306223000000.0,,,34195000000.0,4605000000.0,,25173000000.0,7493000000.0,25173000000.0,423644000000.0,494643000000.0,120677000000.0,-52095000000.0,,1737114000000.0,111894000000.0,,,111894000000.0,111894000000.0,1625220000000.0,,182015000000.0,14350000000.0,,293909000000.0,528661000000.0,,183265000000.0,107479000000.0,210749000000.0,9136000000.0,3384800000.0,5718000000.0,20002000000.0,14284000000.0,152000000.0,3597000000.0,991000000.0,,2121000000.0,,11690000000.0,22998000000.0,11308000000.0,8676000000.0,,,1783000000.0,6178000000.0,1064000000.0,,5170000000.0,9463000000.0,3597000000.0,7295000000.0,5114000000.0,4206000000.0,11535000000.0,,88000000.0,7797000000.0,1783000000.0,,,,5170000000.0,-21098000000.0,-29760000000.0,-6940000000.0,3435000000.0,3435000000.0,,1590000000.0,1357000000.0,233000000.0,,4178000000.0,,-1438000000.0,,,
2024-12-31,1929845000000.0,330826000000.0,201902000000.0,324566000000.0,,,34303000000.0,5011000000.0,,25167000000.0,7779000000.0,25167000000.0,395916000000.0,480781000000.0,121205000000.0,,,1748779000000.0,108806000000.0,,,108806000000.0,108806000000.0,1670023000000.0,16000000.0,173078000000.0,13571000000.0,,281884000000.0,78756000000.0,,179120000000.0,111463000000.0,214198000000.0,9136000000.0,3312100000.0,4826000000.0,19979000000.0,15153000000.0,158000000.0,491000000.0,1032000000.0,,4335000000.0,,11836000000.0,22055000000.0,10219000000.0,8542000000.0,,,-962000000.0,5199000000.0,120000000.0,,5263000000.0,1275000000.0,491000000.0,5541000000.0,5079000000.0,8904000000.0,10532000000.0,,-1948000000.0,-6375000000.0,1984000000.0,,,,28627000000.0,-1064000000.0,9934000000.0,-3625000000.0,4000000000.0,4000000000.0,,1632000000.0,1325000000.0,307000000.0,,4140000000.0,,-4000000000.0,,,
