{
    "symbol": "AVGO",
    "quarterly_reports": [
        {
            "fiscal_date_ending": "2018-05-06",
            "reported_currency": "USD",
            "total_assets": 54936000000.0,
            "total_current_assets": 12474000000.0,
            "cash_and_cash_equivalents": 8187000000.0,
            "cash_and_short_term_investments": 8187000000.0,
            "inventory": 1235000000.0,
            "current_net_receivables": null,
            "total_non_current_assets": 42462000000.0,
            "property_plant_equipment": 2720000000.0,
            "accumulated_depreciation_amortization_ppe": null,
            "intangible_assets": 39254000000.0,
            "intangible_assets_excluding_goodwill": 12346000000.0,
            "goodwill": 26908000000.0,
            "investments": null,
            "long_term_investments": null,
            "short_term_investments": null,
            "other_current_assets": 303000000.0,
            "other_non_current_assets": 488000000.0,
            "total_liabilities": 22869000000.0,
            "total_current_liabilities": 2124000000.0,
            "current_accounts_payable": 836000000.0,
            "deferred_revenue": null,
            "current_debt": null,
            "short_term_debt": 129000000.0,
            "total_non_current_liabilities": 20745000000.0,
            "capital_lease_obligations": null,
            "long_term_debt": 17598000000.0,
            "current_long_term_debt": 117000000.0,
            "long_term_debt_non_current": 17481000000.0,
            "short_long_term_debt_total": 17727000000.0,
            "other_current_liabilities": 754000000.0,
            "other_non_current_liabilities": 3264000000.0,
            "total_shareholder_equity": 32067000000.0,
            "treasury_stock": null,
            "retained_earnings": 7868000000.0,
            "common_stock": 24305000000.0,
            "common_stock_shares_outstanding": 436235225.0
        },
        {
            "fiscal_date_ending": "2018-08-05",
            "reported_currency": "USD",
            "total_assets": 50372000000.0,
            "total_current_assets": 8695000000.0,
            "cash_and_cash_equivalents": 4136000000.0,
            "cash_and_short_term_investments": 4136000000.0,
            "inventory": 1216000000.0,
            "current_net_receivables": null,
            "total_non_current_assets": 41677000000.0,
            "property_plant_equipment": 2695000000.0,
            "accumulated_depreciation_amortization_ppe": null,
            "intangible_assets": 38518000000.0,
            "intangible_assets_excluding_goodwill": 11598000000.0,
            "goodwill": 26920000000.0,
            "investments": null,
            "long_term_investments": null,
            "short_term_investments": null,
            "other_current_assets": 333000000.0,
            "other_non_current_assets": 464000000.0,
            "total_liabilities": 22920000000.0,
            "total_current_liabilities": 2187000000.0,
            "current_accounts_payable": 785000000.0,
            "deferred_revenue": null,
            "current_debt": null,
            "short_term_debt": 123000000.0,
            "total_non_current_liabilities": 20733000000.0,
            "capital_lease_obligations": null,
            "long_term_debt": 17604000000.0,
            "current_long_term_debt": 117000000.0,
            "long_term_debt_non_current": 17487000000.0,
            "short_long_term_debt_total": 17727000000.0,
            "other_current_liabilities": 663000000.0,
            "other_non_current_liabilities": 3246000000.0,
            "total_shareholder_equity": 27452000000.0,
            "treasury_stock": null,
            "retained_earnings": 4267000000.0,
            "common_stock": 23291000000.0,
            "common_stock_shares_outstanding": 413296951.0
        },
        {
            "fiscal_date_ending": "2018-11-04",
            "reported_currency": "USD",
            "total_assets": 50124000000.0,
            "total_current_assets": 9107000000.0,
            "cash_and_cash_equivalents": 4292000000.0,
            "cash_and_short_term_investments": 4292000000.0,
            "inventory": 1124000000.0,
            "current_net_receivables": null,
            "total_non_current_assets": 41017000000.0,
            "property_plant_equipment": 2635000000.0,
            "accumulated_depreciation_amortization_ppe": 1894000000.0,
            "intangible_assets": 37675000000.0,
            "intangible_assets_excluding_goodwill": 10762000000.0,
            "goodwill": 26913000000.0,
            "investments": null,
            "long_term_investments": null,
            "short_term_investments": null,
            "other_current_assets": 366000000.0,
            "other_non_current_assets": 707000000.0,
            "total_liabilities": 23467000000.0,
            "total_current_liabilities": 2338000000.0,
            "current_accounts_payable": 811000000.0,
            "deferred_revenue": null,
            "current_debt": null,
            "short_term_debt": 116000000.0,
            "total_non_current_liabilities": 21129000000.0,
            "capital_lease_obligations": null,
            "long_term_debt": 17493000000.0,
            "current_long_term_debt": 0.0,
            "long_term_debt_non_current": 17493000000.0,
            "short_long_term_debt_total": 17609000000.0,
            "other_current_liabilities": 812000000.0,
            "other_non_current_liabilities": 3636000000.0,
            "total_shareholder_equity": 26657000000.0,
            "treasury_stock": null,
            "retained_earnings": 3487000000.0,
            "common_stock": 0.0,
            "common_stock_shares_outstanding": 407637618.0
        },
        {
            "fiscal_date_ending": "2019-02-03",
            "reported_currency": "USD",
            "total_assets": 72110000000.0,
            "total_current_assets": 10604000000.0,
            "cash_and_cash_equivalents": 5093000000.0,
            "cash_and_short_term_investments": 5093000000.0,
            "inventory": 1074000000.0,
            "current_net_receivables": null,
            "total_non_current_assets": 61506000000.0,
            "property_plant_equipment": 2684000000.0,
            "accumulated_depreciation_amortization_ppe": null,
            "intangible_assets": 58140000000.0,
            "intangible_assets_excluding_goodwill": 21493000000.0,
            "goodwill": 36647000000.0,
            "investments": null,
            "long_term_investments": null,
            "short_term_investments": null,
            "other_current_assets": 760000000.0,
            "other_non_current_assets": 682000000.0,
            "total_liabilities": 48886000000.0,
            "total_current_liabilities": 8349000000.0,
            "current_accounts_payable": 738000000.0,
            "deferred_revenue": null,
            "current_debt": null,
            "short_term_debt": 218000000.0,
            "total_non_current_liabilities": 40537000000.0,
            "capital_lease_obligations": null,
            "long_term_debt": 37641000000.0,
            "current_long_term_debt": 3537000000.0,
            "long_term_debt_non_current": 34104000000.0,
            "short_long_term_debt_total": 37859000000.0,
            "other_current_liabilities": 3611000000.0,
            "other_non_current_liabilities": 6433000000.0,
            "total_shareholder_equity": 23224000000.0,
            "treasury_stock": null,
            "retained_earnings": 259000000.0,
            "common_stock": 23081000000.0,
            "common_stock_shares_outstanding": 396153863.0
        },
        {
            "fiscal_date_ending": "2019-05-05",
            "reported_currency": "USD",
            "total_assets": 70916000000.0,
            "total_current_assets": 10677000000.0,
            "cash_and_cash_equivalents": 5328000000.0,
            "cash_and_short_term_investments": 5328000000.0,
            "inventory": 1034000000.0,
            "current_net_receivables": null,
            "total_non_current_assets": 60239000000.0,
            "property_plant_equipment": 2654000000.0,
            "accumulated_depreciation_amortization_ppe": null,
            "intangible_assets": 56850000000.0,
            "intangible_assets_excluding_goodwill": 20188000000.0,
            "goodwill": 36662000000.0,
            "investments": null,
            "long_term_investments": null,
            "short_term_investments": null,
            "other_current_assets": 831000000.0,
            "other_non_current_assets": 735000000.0,
            "total_liabilities": 48744000000.0,
            "total_current_liabilities": 8503000000.0,
            "current_accounts_payable": 759000000.0,
            "deferred_revenue": null,
            "current_debt": null,
            "short_term_debt": 311000000.0,
            "total_non_current_liabilities": 40241000000.0,
            "capital_lease_obligations": null,
            "long_term_debt": 37548000000.0,
            "current_long_term_debt": 3537000000.0,
            "long_term_debt_non_current": 34011000000.0,
            "short_long_term_debt_total": 37859000000.0,
            "other_current_liabilities": 3729000000.0,
            "other_non_current_liabilities": 6230000000.0,
            "total_shareholder_equity": 22172000000.0,
            "treasury_stock": null,
            "retained_earnings": 0.0,
            "common_stock": 22288000000.0,
            "common_stock_shares_outstanding": 398513768.0
        },
        {
            "fiscal_date_ending": "2019-08-04",
            "reported_currency": "USD",
            "total_assets": 69767000000.0,
            "total_current_assets": 10898000000.0,
            "cash_and_cash_equivalents": 5462000000.0,
            "cash_and_short_term_investments": 5462000000.0,
            "inventory": 1091000000.0,
            "current_net_receivables": null,
            "total_non_current_assets": 58869000000.0,
            "property_plant_equipment": 2611000000.0,
            "accumulated_depreciation_amortization_ppe": null,
            "intangible_assets": 55565000000.0,
            "intangible_assets_excluding_goodwill": 18879000000.0,
            "goodwill": 36686000000.0,
            "investments": null,
            "long_term_investments": null,
            "short_term_investments": null,
            "other_current_assets": 806000000.0,
            "other_non_current_assets": 693000000.0,
            "total_liabilities": 48264000000.0,
            "total_current_liabilities": 8282000000.0,
            "current_accounts_payable": 996000000.0,
            "deferred_revenue": null,
            "current_debt": null,
            "short_term_debt": 294000000.0,
            "total_non_current_liabilities": 39982000000.0,
            "capital_lease_obligations": null,
            "long_term_debt": 37565000000.0,
            "current_long_term_debt": 3537000000.0,
            "long_term_debt_non_current": 34028000000.0,
            "short_long_term_debt_total": 37859000000.0,
            "other_current_liabilities": 3174000000.0,
            "other_non_current_liabilities": 5954000000.0,
            "total_shareholder_equity": 21503000000.0,
            "treasury_stock": null,
            "retained_earnings": 0.0,
            "common_stock": 21619000000.0,
            "common_stock_shares_outstanding": 397612545.0
        },
        {
            "fiscal_date_ending": "2019-11-03",
            "reported_currency": "USD",
            "total_assets": 67493000000.0,
            "total_current_assets": 9917000000.0,
            "cash_and_cash_equivalents": 5055000000.0,
            "cash_and_short_term_investments": 5055000000.0,
            "inventory": 874000000.0,
            "current_net_receivables": null,
            "total_non_current_assets": 57576000000.0,
            "property_plant_equipment": 2565000000.0,
            "accumulated_depreciation_amortization_ppe": 2331000000.0,
            "intangible_assets": 54268000000.0,
            "intangible_assets_excluding_goodwill": 17554000000.0,
            "goodwill": 36714000000.0,
            "investments": null,
            "long_term_investments": null,
            "short_term_investments": null,
            "other_current_assets": 729000000.0,
            "other_non_current_assets": 743000000.0,
            "total_liabilities": 42523000000.0,
            "total_current_liabilities": 6899000000.0,
            "current_accounts_payable": 855000000.0,
            "deferred_revenue": null,
            "current_debt": null,
            "short_term_debt": 261000000.0,
            "total_non_current_liabilities": 35624000000.0,
            "capital_lease_obligations": null,
            "long_term_debt": 32798000000.0,
            "current_long_term_debt": 2787000000.0,
            "long_term_debt_non_current": 30011000000.0,
            "short_long_term_debt_total": 33059000000.0,
            "other_current_liabilities": 2616000000.0,
            "other_non_current_liabilities": 5613000000.0,
            "total_shareholder_equity": 24941000000.0,
            "treasury_stock": null,
            "retained_earnings": 0.0,
            "common_stock": 0.0,
            "common_stock_shares_outstanding": 397560810.0
        },
        {
            "fiscal_date_ending": "2020-02-02",
            "reported_currency": "USD",
            "total_assets": 81006000000.0,
            "total_current_assets": 12109000000.0,
            "cash_and_cash_equivalents": 6444000000.0,
            "cash_and_short_term_investments": 6444000000.0,
            "inventory": 944000000.0,
            "current_net_receivables": null,
            "total_non_current_assets": 68897000000.0,
            "property_plant_equipment": 2616000000.0,
            "accumulated_depreciation_amortization_ppe": null,
            "intangible_assets": 64937000000.0,
            "intangible_assets_excluding_goodwill": 21465000000.0,
            "goodwill": 43472000000.0,
            "investments": null,
            "long_term_investments": null,
            "short_term_investments": null,
            "other_current_assets": 1070000000.0,
            "other_non_current_assets": 1344000000.0,
            "total_liabilities": 56610000000.0,
            "total_current_liabilities": 7739000000.0,
            "current_accounts_payable": 985000000.0,
            "deferred_revenue": null,
            "current_debt": null,
            "short_term_debt": 359000000.0,
            "total_non_current_liabilities": 48871000000.0,
            "capital_lease_obligations": 44000000.0,
            "long_term_debt": 44663000000.0,
            "current_long_term_debt": 2311000000.0,
            "long_term_debt_non_current": 42407000000.0,
            "short_long_term_debt_total": 45022000000.0,
            "other_current_liabilities": 4008000000.0,
            "other_non_current_liabilities": 6464000000.0,
            "total_shareholder_equity": 24396000000.0,
            "treasury_stock": null,
            "retained_earnings": 0.0,
            "common_stock": 0.0,
            "common_stock_shares_outstanding": 399430632.0
        },
        {
            "fiscal_date_ending": "2020-05-03",
            "reported_currency": "USD",
            "total_assets": 81548000000.0,
            "total_current_assets": 14222000000.0,
            "cash_and_cash_equivalents": 9207000000.0,
            "cash_and_short_term_investments": 9207000000.0,
            "inventory": 953000000.0,
            "current_net_receivables": null,
            "total_non_current_assets": 67326000000.0,
            "property_plant_equipment": 2618000000.0,
            "accumulated_depreciation_amortization_ppe": null,
            "intangible_assets": 63366000000.0,
            "intangible_assets_excluding_goodwill": 19909000000.0,
            "goodwill": 43457000000.0,
            "investments": null,
            "long_term_investments": null,
            "short_term_investments": null,
            "other_current_assets": 851000000.0,
            "other_non_current_assets": 1342000000.0,
            "total_liabilities": 57578000000.0,
            "total_current_liabilities": 6601000000.0,
            "current_accounts_payable": 1230000000.0,
            "deferred_revenue": null,
            "current_debt": null,
            "short_term_debt": 368000000.0,
            "total_non_current_liabilities": 50977000000.0,
            "capital_lease_obligations": 43000000.0,
            "long_term_debt": 45808000000.0,
            "current_long_term_debt": 819000000.0,
            "long_term_debt_non_current": 45044000000.0,
            "short_long_term_debt_total": 46176000000.0,
            "other_current_liabilities": 4058000000.0,
            "other_non_current_liabilities": 5933000000.0,
            "total_shareholder_equity": 23970000000.0,
            "treasury_stock": null,
            "retained_earnings": 0.0,
            "common_stock": 0.0,
            "common_stock_shares_outstanding": 402103106.0
        },
        {
            "fiscal_date_ending": "2020-08-02",
            "reported_currency": "USD",
            "total_assets": 79298000000.0,
            "total_current_assets": 13681000000.0,
            "cash_and_cash_equivalents": 8857000000.0,
            "cash_and_short_term_investments": 8857000000.0,
            "inventory": 1081000000.0,
            "current_net_receivables": null,
            "total_non_current_assets": 65617000000.0,
            "property_plant_equipment": 2567000000.0,
            "accumulated_depreciation_amortization_ppe": null,
            "intangible_assets": 61804000000.0,
            "intangible_assets_excluding_goodwill": 18357000000.0,
            "goodwill": 43447000000.0,
            "investments": null,
            "long_term_investments": null,
            "short_term_investments": null,
            "other_current_assets": 1059000000.0,
            "other_non_current_assets": 1246000000.0,
            "total_liabilities": 55713000000.0,
            "total_current_liabilities": 6702000000.0,
            "current_accounts_payable": 1092000000.0,
            "deferred_revenue": null,
            "current_debt": null,
            "short_term_debt": 542000000.0,
            "total_non_current_liabilities": 49011000000.0,
            "capital_lease_obligations": 52000000.0,
            "long_term_debt": 43956000000.0,
            "current_long_term_debt": 822000000.0,
            "long_term_debt_non_current": 43201000000.0,
            "short_long_term_debt_total": 44498000000.0,
            "other_current_liabilities": 4056000000.0,
            "other_non_current_liabilities": 5810000000.0,
            "total_shareholder_equity": 23585000000.0,
            "treasury_stock": null,
            "retained_earnings": 0.0,
            "common_stock": 0.0,
            "common_stock_shares_outstanding": 404000000.0
        },
        {
            "fiscal_date_ending": "2020-11-01",
            "reported_currency": "USD",
            "total_assets": 75933000000.0,
            "total_current_assets": 11895000000.0,
            "cash_and_cash_equivalents": 7618000000.0,
            "cash_and_short_term_investments": 7618000000.0,
            "inventory": 1003000000.0,
            "current_net_receivables": 2297000000.0,
            "total_non_current_assets": 64038000000.0,
            "property_plant_equipment": 2509000000.0,
            "accumulated_depreciation_amortization_ppe": 2822000000.0,
            "intangible_assets": 60229000000.0,
            "intangible_assets_excluding_goodwill": 16782000000.0,
            "goodwill": 43447000000.0,
            "investments": null,
            "long_term_investments": null,
            "short_term_investments": null,
            "other_current_assets": 977000000.0,
            "other_non_current_assets": 1300000000.0,
            "total_liabilities": 52032000000.0,
            "total_current_liabilities": 6371000000.0,
            "current_accounts_payable": 836000000.0,
            "deferred_revenue": 6886000000.0,
            "current_debt": 847000000.0,
            "short_term_debt": 504000000.0,
            "total_non_current_liabilities": 46532000000.0,
            "capital_lease_obligations": 48000000.0,
            "long_term_debt": 40994000000.0,
            "current_long_term_debt": 827000000.0,
            "long_term_debt_non_current": 40235000000.0,
            "short_long_term_debt_total": 41498000000.0,
            "other_current_liabilities": 3831000000.0,
            "other_non_current_liabilities": 5426000000.0,
            "total_shareholder_equity": 23901000000.0,
            "treasury_stock": null,
            "retained_earnings": 0.0,
            "common_stock": 0.0,
            "common_stock_shares_outstanding": 407000000.0
        },
        {
            "fiscal_date_ending": "2021-01-31",
            "reported_currency": "USD",
            "total_assets": 76972000000.0,
            "total_current_assets": 14300000000.0,
            "cash_and_cash_equivalents": 9552000000.0,
            "cash_and_short_term_investments": 9552000000.0,
            "inventory": 952000000.0,
            "current_net_receivables": 2524000000.0,
            "total_non_current_assets": 62672000000.0,
            "property_plant_equipment": 2496000000.0,
            "accumulated_depreciation_amortization_ppe": null,
            "intangible_assets": 58876000000.0,
            "intangible_assets_excluding_goodwill": 15419000000.0,
            "goodwill": 43457000000.0,
            "investments": null,
            "long_term_investments": null,
            "short_term_investments": null,
            "other_current_assets": 1272000000.0,
            "other_non_current_assets": 1300000000.0,
            "total_liabilities": 52973000000.0,
            "total_current_liabilities": 6694000000.0,
            "current_accounts_payable": 898000000.0,
            "deferred_revenue": 7666000000.0,
            "current_debt": 885000000.0,
            "short_term_debt": 558000000.0,
            "total_non_current_liabilities": 47057000000.0,
            "capital_lease_obligations": 43000000.0,
            "long_term_debt": 41868000000.0,
            "current_long_term_debt": 864000000.0,
            "long_term_debt_non_current": 41068000000.0,
            "short_long_term_debt_total": 42426000000.0,
            "other_current_liabilities": 4438000000.0,
            "other_non_current_liabilities": 5211000000.0,
            "total_shareholder_equity": 23999000000.0,
            "treasury_stock": null,
            "retained_earnings": 0.0,
            "common_stock": 0.0,
            "common_stock_shares_outstanding": 408000000.0
        },
        {
            "fiscal_date_ending": "2021-05-02",
            "reported_currency": "USD",
            "total_assets": 75524000000.0,
            "total_current_assets": 14245000000.0,
            "cash_and_cash_equivalents": 9518000000.0,
            "cash_and_short_term_investments": 9518000000.0,
            "inventory": 1004000000.0,
            "current_net_receivables": null,
            "total_non_current_assets": 61279000000.0,
            "property_plant_equipment": 2416000000.0,
            "accumulated_depreciation_amortization_ppe": null,
            "intangible_assets": 57525000000.0,
            "intangible_assets_excluding_goodwill": 14068000000.0,
            "goodwill": 43457000000.0,
            "investments": null,
            "long_term_investments": null,
            "short_term_investments": null,
            "other_current_assets": 1298000000.0,
            "other_non_current_assets": 1338000000.0,
            "total_liabilities": 51558000000.0,
            "total_current_liabilities": 6436000000.0,
            "current_accounts_payable": 830000000.0,
            "deferred_revenue": null,
            "current_debt": 1401000000.0,
            "short_term_debt": 1123000000.0,
            "total_non_current_liabilities": 45122000000.0,
            "capital_lease_obligations": 39000000.0,
            "long_term_debt": 40376000000.0,
            "current_long_term_debt": 255000000.0,
            "long_term_debt_non_current": 40160000000.0,
            "short_long_term_debt_total": 41499000000.0,
            "other_current_liabilities": 4689000000.0,
            "other_non_current_liabilities": 4962000000.0,
            "total_shareholder_equity": 23966000000.0,
            "treasury_stock": null,
            "retained_earnings": 0.0,
            "common_stock": 0.0,
            "common_stock_shares_outstanding": 410000000.0
        },
        {
            "fiscal_date_ending": "2021-08-01",
            "reported_currency": "USD",
            "total_assets": 75880000000.0,
            "total_current_assets": 15636000000.0,
            "cash_and_cash_equivalents": 11105000000.0,
            "cash_and_short_term_investments": 11105000000.0,
            "inventory": 1160000000.0,
            "current_net_receivables": null,
            "total_non_current_assets": 60244000000.0,
            "property_plant_equipment": 2370000000.0,
            "accumulated_depreciation_amortization_ppe": null,
            "intangible_assets": 56176000000.0,
            "intangible_assets_excluding_goodwill": 12719000000.0,
            "goodwill": 43457000000.0,
            "investments": null,
            "long_term_investments": null,
            "short_term_investments": null,
            "other_current_assets": 1137000000.0,
            "other_non_current_assets": 1698000000.0,
            "total_liabilities": 51513000000.0,
            "total_current_liabilities": 6501000000.0,
            "current_accounts_payable": 968000000.0,
            "deferred_revenue": null,
            "current_debt": null,
            "short_term_debt": 1100000000.0,
            "total_non_current_liabilities": 45012000000.0,
            "capital_lease_obligations": 34000000.0,
            "long_term_debt": 40399000000.0,
            "current_long_term_debt": 279000000.0,
            "long_term_debt_non_current": 40178000000.0,
            "short_long_term_debt_total": 41499000000.0,
            "other_current_liabilities": 4361000000.0,
            "other_non_current_liabilities": 4834000000.0,
            "total_shareholder_equity": 24367000000.0,
            "treasury_stock": null,
            "retained_earnings": 320000000.0,
            "common_stock": 0.0,
            "common_stock_shares_outstanding": 412000000.0
        },
        {
            "fiscal_date_ending": "2021-10-31",
            "reported_currency": "USD",
            "total_assets": 75570000000.0,
            "total_current_assets": 16586000000.0,
            "cash_and_cash_equivalents": 12163000000.0,
            "cash_and_short_term_investments": 12163000000.0,
            "inventory": 1297000000.0,
            "current_net_receivables": 2071000000.0,
            "total_non_current_assets": 59627000000.0,
            "property_plant_equipment": 2348000000.0,
            "accumulated_depreciation_amortization_ppe": 3196000000.0,
            "intangible_assets": 54824000000.0,
            "intangible_assets_excluding_goodwill": 11374000000.0,
            "goodwill": 43450000000.0,
            "investments": null,
            "long_term_investments": null,
            "short_term_investments": null,
            "other_current_assets": 1055000000.0,
            "other_non_current_assets": 1812000000.0,
            "total_liabilities": 50581000000.0,
            "total_current_liabilities": 6281000000.0,
            "current_accounts_payable": 1086000000.0,
            "deferred_revenue": 6370000000.0,
            "current_debt": 316000000.0,
            "short_term_debt": 26000000.0,
            "total_non_current_liabilities": 46252000000.0,
            "capital_lease_obligations": 39000000.0,
            "long_term_debt": 39665000000.0,
            "current_long_term_debt": 264000000.0,
            "long_term_debt_non_current": 41235000000.0,
            "short_long_term_debt_total": 39691000000.0,
            "other_current_liabilities": 3839000000.0,
            "other_non_current_liabilities": 4860000000.0,
            "total_shareholder_equity": 24989000000.0,
            "treasury_stock": null,
            "retained_earnings": 748000000.0,
            "common_stock": 0.0,
            "common_stock_shares_outstanding": 413000000.0
        },
        {
            "fiscal_date_ending": "2022-01-30",
            "reported_currency": "USD",
            "total_assets": 73224000000.0,
            "total_current_assets": 15341000000.0,
            "cash_and_cash_equivalents": 10219000000.0,
            "cash_and_short_term_investments": 10219000000.0,
            "inventory": 1520000000.0,
            "current_net_receivables": 2539000000.0,
            "total_non_current_assets": 57883000000.0,
            "property_plant_equipment": 2303000000.0,
            "accumulated_depreciation_amortization_ppe": null,
            "intangible_assets": 53694000000.0,
            "intangible_assets_excluding_goodwill": 10244000000.0,
            "goodwill": 43450000000.0,
            "investments": null,
            "long_term_investments": null,
            "short_term_investments": null,
            "other_current_assets": 1063000000.0,
            "other_non_current_assets": 1886000000.0,
            "total_liabilities": 50230000000.0,
            "total_current_liabilities": 6287000000.0,
            "current_accounts_payable": 1078000000.0,
            "deferred_revenue": 6572000000.0,
            "current_debt": 331000000.0,
            "short_term_debt": 300000000.0,
            "total_non_current_liabilities": 45348000000.0,
            "capital_lease_obligations": 33000000.0,
            "long_term_debt": 39441000000.0,
            "current_long_term_debt": 300000000.0,
            "long_term_debt_non_current": 39205000000.0,
            "short_long_term_debt_total": 39441000000.0,
            "other_current_liabilities": 4378000000.0,
            "other_non_current_liabilities": 4738000000.0,
            "total_shareholder_equity": 22994000000.0,
            "treasury_stock": null,
            "retained_earnings": 0.0,
            "common_stock": 0.0,
            "common_stock_shares_outstanding": 410000000.0
        },
        {
            "fiscal_date_ending": "2022-05-01",
            "reported_currency": "USD",
            "total_assets": 71719000000.0,
            "total_current_assets": 14810000000.0,
            "cash_and_cash_equivalents": 9005000000.0,
            "cash_and_short_term_investments": 9005000000.0,
            "inventory": 1668000000.0,
            "current_net_receivables": null,
            "total_non_current_assets": 56909000000.0,
            "property_plant_equipment": 2262000000.0,
            "accumulated_depreciation_amortization_ppe": null,
            "intangible_assets": 52844000000.0,
            "intangible_assets_excluding_goodwill": 9241000000.0,
            "goodwill": 43603000000.0,
            "investments": null,
            "long_term_investments": null,
            "short_term_investments": null,
            "other_current_assets": 1054000000.0,
            "other_non_current_assets": 1803000000.0,
            "total_liabilities": 50729000000.0,
            "total_current_liabilities": 6910000000.0,
            "current_accounts_payable": 1069000000.0,
            "deferred_revenue": null,
            "current_debt": null,
            "short_term_debt": 302000000.0,
            "total_non_current_liabilities": 43819000000.0,
            "capital_lease_obligations": 29000000.0,
            "long_term_debt": 36790000000.0,
            "current_long_term_debt": 269000000.0,
            "long_term_debt_non_current": 40958000000.0,
            "short_long_term_debt_total": 39466000000.0,
            "other_current_liabilities": 4788000000.0,
            "other_non_current_liabilities": 4655000000.0,
            "total_shareholder_equity": 20990000000.0,
            "treasury_stock": null,
            "retained_earnings": 0.0,
            "common_stock": 0.0,
            "common_stock_shares_outstanding": 406000000.0
        },
        {
            "fiscal_date_ending": "2022-07-31",
            "reported_currency": "USD",
            "total_assets": 71326000000.0,
            "total_current_assets": 15561000000.0,
            "cash_and_cash_equivalents": 9977000000.0,
            "cash_and_short_term_investments": 9977000000.0,
            "inventory": 1838000000.0,
            "current_net_receivables": 2708000000.0,
            "total_non_current_assets": 55765000000.0,
            "property_plant_equipment": 2250000000.0,
            "accumulated_depreciation_amortization_ppe": null,
            "intangible_assets": 51782000000.0,
            "intangible_assets_excluding_goodwill": 8174000000.0,
            "goodwill": 43608000000.0,
            "investments": null,
            "long_term_investments": null,
            "short_term_investments": null,
            "other_current_assets": 1038000000.0,
            "other_non_current_assets": 1733000000.0,
            "total_liabilities": 50423000000.0,
            "total_current_liabilities": 6702000000.0,
            "current_accounts_payable": 712000000.0,
            "deferred_revenue": 7037000000.0,
            "current_debt": 304000000.0,
            "short_term_debt": 6275000000.0,
            "total_non_current_liabilities": 44944000000.0,
            "capital_lease_obligations": 26000000.0,
            "long_term_debt": 37272000000.0,
            "current_long_term_debt": 269000000.0,
            "long_term_debt_non_current": 40958000000.0,
            "short_long_term_debt_total": 43547000000.0,
            "other_current_liabilities": 4607000000.0,
            "other_non_current_liabilities": 4530000000.0,
            "total_shareholder_equity": 20903000000.0,
            "treasury_stock": null,
            "retained_earnings": 0.0,
            "common_stock": 0.0,
            "common_stock_shares_outstanding": 405000000.0
        },
        {
            "fiscal_date_ending": "2022-10-30",
            "reported_currency": "USD",
            "total_assets": 73249000000.0,
            "total_current_assets": 18504000000.0,
            "cash_and_cash_equivalents": 12416000000.0,
            "cash_and_short_term_investments": 12416000000.0,
            "inventory": 1925000000.0,
            "current_net_receivables": 2958000000.0,
            "total_non_current_assets": 55302000000.0,
            "property_plant_equipment": 2223000000.0,
            "accumulated_depreciation_amortization_ppe": 3604000000.0,
            "intangible_assets": 50725000000.0,
            "intangible_assets_excluding_goodwill": 7111000000.0,
            "goodwill": 43614000000.0,
            "investments": null,
            "long_term_investments": null,
            "short_term_investments": null,
            "other_current_assets": 1205000000.0,
            "other_non_current_assets": 1797000000.0,
            "total_liabilities": 50540000000.0,
            "total_current_liabilities": 7052000000.0,
            "current_accounts_payable": 998000000.0,
            "deferred_revenue": 6682000000.0,
            "current_debt": 440000000.0,
            "short_term_debt": 47257000000.0,
            "total_non_current_liabilities": 45061000000.0,
            "capital_lease_obligations": 22000000.0,
            "long_term_debt": 33417000000.0,
            "current_long_term_debt": 403000000.0,
            "long_term_debt_non_current": 33014000000.0,
            "short_long_term_debt_total": 80674000000.0,
            "other_current_liabilities": 4412000000.0,
            "other_non_current_liabilities": 4413000000.0,
            "total_shareholder_equity": 22709000000.0,
            "treasury_stock": null,
            "retained_earnings": 1604000000.0,
            "common_stock": 0.0,
            "common_stock_shares_outstanding": 418000000.0
        },
        {
            "fiscal_date_ending": "2023-01-29",
            "reported_currency": "USD",
            "total_assets": 72976000000.0,
            "total_current_assets": 18836000000.0,
            "cash_and_cash_equivalents": 12647000000.0,
            "cash_and_short_term_investments": 12647000000.0,
            "inventory": 1899000000.0,
            "current_net_receivables": 3234000000.0,
            "total_non_current_assets": 54140000000.0,
            "property_plant_equipment": 2201000000.0,
            "accumulated_depreciation_amortization_ppe": null,
            "intangible_assets": 49839000000.0,
            "intangible_assets_excluding_goodwill": 6225000000.0,
            "goodwill": 43614000000.0,
            "investments": null,
            "long_term_investments": null,
            "short_term_investments": null,
            "other_current_assets": 1056000000.0,
            "other_non_current_assets": 2100000000.0,
            "total_liabilities": 49666000000.0,
            "total_current_liabilities": 7483000000.0,
            "current_accounts_payable": 923000000.0,
            "deferred_revenue": 6603000000.0,
            "current_debt": 1115000000.0,
            "short_term_debt": 9432000000.0,
            "total_non_current_liabilities": 43333000000.0,
            "capital_lease_obligations": 17000000.0,
            "long_term_debt": 36642000000.0,
            "current_long_term_debt": 1077000000.0,
            "long_term_debt_non_current": 35565000000.0,
            "short_long_term_debt_total": 46074000000.0,
            "other_current_liabilities": 4909000000.0,
            "other_non_current_liabilities": 4016000000.0,
            "total_shareholder_equity": 23310000000.0,
            "treasury_stock": null,
            "retained_earnings": 2371000000.0,
            "common_stock": 0.0,
            "common_stock_shares_outstanding": 417000000.0
        },
        {
            "fiscal_date_ending": "2023-04-30",
            "reported_currency": "USD",
            "total_assets": 71667000000.0,
            "total_current_assets": 17871000000.0,
            "cash_and_cash_equivalents": 11553000000.0,
            "cash_and_short_term_investments": 11553000000.0,
            "inventory": 1886000000.0,
            "current_net_receivables": 3031000000.0,
            "total_non_current_assets": 53796000000.0,
            "property_plant_equipment": 2209000000.0,
            "accumulated_depreciation_amortization_ppe": null,
            "intangible_assets": 49048000000.0,
            "intangible_assets_excluding_goodwill": 5434000000.0,
            "goodwill": 43614000000.0,
            "investments": null,
            "long_term_investments": null,
            "short_term_investments": null,
            "other_current_assets": 1401000000.0,
            "other_non_current_assets": 2539000000.0,
            "total_liabilities": 49660000000.0,
            "total_current_liabilities": 7511000000.0,
            "current_accounts_payable": 831000000.0,
            "deferred_revenue": 7220000000.0,
            "current_debt": 1117000000.0,
            "short_term_debt": 9456000000.0,
            "total_non_current_liabilities": 43263000000.0,
            "capital_lease_obligations": 12000000.0,
            "long_term_debt": 36650000000.0,
            "current_long_term_debt": 1077000000.0,
            "long_term_debt_non_current": 35573000000.0,
            "short_long_term_debt_total": 46106000000.0,
            "other_current_liabilities": 4929000000.0,
            "other_non_current_liabilities": 3955000000.0,
            "total_shareholder_equity": 22007000000.0,
            "treasury_stock": null,
            "retained_earnings": 1363000000.0,
            "common_stock": 0.0,
            "common_stock_shares_outstanding": 414000000.0
        },
        {
            "fiscal_date_ending": "2023-07-30",
            "reported_currency": "USD",
            "total_assets": 71595000000.0,
            "total_current_assets": 18333000000.0,
            "cash_and_cash_equivalents": 12055000000.0,
            "cash_and_short_term_investments": 12055000000.0,
            "inventory": 1842000000.0,
            "current_net_receivables": 2914000000.0,
            "total_non_current_assets": 53262000000.0,
            "property_plant_equipment": 2180000000.0,
            "accumulated_depreciation_amortization_ppe": null,
            "intangible_assets": 48273000000.0,
            "intangible_assets_excluding_goodwill": 4654000000.0,
            "goodwill": 43619000000.0,
            "investments": null,
            "long_term_investments": null,
            "short_term_investments": null,
            "other_current_assets": 1522000000.0,
            "other_non_current_assets": 2809000000.0,
            "total_liabilities": 49516000000.0,
            "total_current_liabilities": 7345000000.0,
            "current_accounts_payable": 992000000.0,
            "deferred_revenue": 6197000000.0,
            "current_debt": 1119000000.0,
            "short_term_debt": 9989000000.0,
            "total_non_current_liabilities": 43235000000.0,
            "capital_lease_obligations": 8000000.0,
            "long_term_debt": 36149000000.0,
            "current_long_term_debt": 1077000000.0,
            "long_term_debt_non_current": 35072000000.0,
            "short_long_term_debt_total": 46138000000.0,
            "other_current_liabilities": 4403000000.0,
            "other_non_current_liabilities": 3949000000.0,
            "total_shareholder_equity": 22079000000.0,
            "treasury_stock": null,
            "retained_earnings": 1178000000.0,
            "common_stock": 0.0,
            "common_stock_shares_outstanding": 413000000.0
        },
        {
            "fiscal_date_ending": "2023-10-29",
            "reported_currency": "USD",
            "total_assets": 72861000000.0,
            "total_current_assets": 20847000000.0,
            "cash_and_cash_equivalents": 14189000000.0,
            "cash_and_short_term_investments": 14189000000.0,
            "inventory": 1898000000.0,
            "current_net_receivables": 3154000000.0,
            "total_non_current_assets": 52499000000.0,
            "property_plant_equipment": 2154000000.0,
            "accumulated_depreciation_amortization_ppe": 4024000000.0,
            "intangible_assets": 47520000000.0,
            "intangible_assets_excluding_goodwill": 3867000000.0,
            "goodwill": 43653000000.0,
            "investments": null,
            "long_term_investments": null,
            "short_term_investments": null,
            "other_current_assets": 1606000000.0,
            "other_non_current_assets": 2340000000.0,
            "total_liabilities": 48873000000.0,
            "total_current_liabilities": 7405000000.0,
            "current_accounts_payable": 1210000000.0,
            "deferred_revenue": 5572000000.0,
            "current_debt": 1608000000.0,
            "short_term_debt": 45251000000.0,
            "total_non_current_liabilities": 42882000000.0,
            "capital_lease_obligations": 4000000.0,
            "long_term_debt": 34744000000.0,
            "current_long_term_debt": 1563000000.0,
            "long_term_debt_non_current": 33181000000.0,
            "short_long_term_debt_total": 79995000000.0,
            "other_current_liabilities": 3652000000.0,
            "other_non_current_liabilities": 3847000000.0,
            "total_shareholder_equity": 23988000000.0,
            "treasury_stock": null,
            "retained_earnings": 2682000000.0,
            "common_stock": 4000000.0,
            "common_stock_shares_outstanding": 414000000.0
        },
        {
            "fiscal_date_ending": "2024-02-04",
            "reported_currency": "USD",
            "total_assets": 177870000000.0,
            "total_current_assets": 27192000000.0,
            "cash_and_cash_equivalents": 11864000000.0,
            "cash_and_short_term_investments": 11864000000.0,
            "inventory": 1920000000.0,
            "current_net_receivables": 4969000000.0,
            "total_non_current_assets": 150678000000.0,
            "property_plant_equipment": 2662000000.0,
            "accumulated_depreciation_amortization_ppe": null,
            "intangible_assets": 144771000000.0,
            "intangible_assets_excluding_goodwill": 47185000000.0,
            "goodwill": 97586000000.0,
            "investments": null,
            "long_term_investments": null,
            "short_term_investments": null,
            "other_current_assets": 8439000000.0,
            "other_non_current_assets": 3245000000.0,
            "total_liabilities": 107586000000.0,
            "total_current_liabilities": 20369000000.0,
            "current_accounts_payable": 1496000000.0,
            "deferred_revenue": 30902000000.0,
            "current_debt": 2433000000.0,
            "short_term_debt": 34908000000.0,
            "total_non_current_liabilities": 94986000000.0,
            "capital_lease_obligations": 39000000.0,
            "long_term_debt": 75964000000.0,
            "current_long_term_debt": 2374000000.0,
            "long_term_debt_non_current": 73590000000.0,
            "short_long_term_debt_total": 110872000000.0,
            "other_current_liabilities": 15312000000.0,
            "other_non_current_liabilities": 13749000000.0,
            "total_shareholder_equity": 70284000000.0,
            "treasury_stock": null,
            "retained_earnings": 0.0,
            "common_stock": 0.0,
            "common_stock_shares_outstanding": 463000000.0
        },
        {
            "fiscal_date_ending": "2024-05-05",
            "reported_currency": "USD",
            "total_assets": 175211000000.0,
            "total_current_assets": 25302000000.0,
            "cash_and_cash_equivalents": 9809000000.0,
            "cash_and_short_term_investments": 9809000000.0,
            "inventory": 1842000000.0,
            "current_net_receivables": 5500000000.0,
            "total_non_current_assets": 149909000000.0,
            "property_plant_equipment": 2668000000.0,
            "accumulated_depreciation_amortization_ppe": null,
            "intangible_assets": 143280000000.0,
            "intangible_assets_excluding_goodwill": 45407000000.0,
            "goodwill": 97873000000.0,
            "investments": null,
            "long_term_investments": null,
            "short_term_investments": null,
            "other_current_assets": 8151000000.0,
            "other_non_current_assets": 3961000000.0,
            "total_liabilities": 105250000000.0,
            "total_current_liabilities": 20171000000.0,
            "current_accounts_payable": 1441000000.0,
            "deferred_revenue": 33404000000.0,
            "current_debt": 2426000000.0,
            "short_term_debt": 33884000000.0,
            "total_non_current_liabilities": 93140000000.0,
            "capital_lease_obligations": 21000000.0,
            "long_term_debt": 73128000000.0,
            "current_long_term_debt": 2374000000.0,
            "long_term_debt_non_current": 70754000000.0,
            "short_long_term_debt_total": 107012000000.0,
            "other_current_liabilities": 14919000000.0,
            "other_non_current_liabilities": 13489000000.0,
            "total_shareholder_equity": 69961000000.0,
            "treasury_stock": null,
            "retained_earnings": 0.0,
            "common_stock": 0.0,
            "common_stock_shares_outstanding": 465000000.0
        },
        {
            "fiscal_date_ending": "2024-08-04",
            "reported_currency": "USD",
            "total_assets": 167966000000.0,
            "total_current_assets": 19947000000.0,
            "cash_and_cash_equivalents": 9952000000.0,
            "cash_and_short_term_investments": 9952000000.0,
            "inventory": 1894000000.0,
            "current_net_receivables": 4665000000.0,
            "total_non_current_assets": 148019000000.0,
            "property_plant_equipment": 2602000000.0,
            "accumulated_depreciation_amortization_ppe": null,
            "intangible_assets": 140907000000.0,
            "intangible_assets_excluding_goodwill": 43034000000.0,
            "goodwill": 97873000000.0,
            "investments": null,
            "long_term_investments": null,
            "short_term_investments": null,
            "other_current_assets": 3436000000.0,
            "other_non_current_assets": 4510000000.0,
            "total_liabilities": 102315000000.0,
            "total_current_liabilities": 19221000000.0,
            "current_accounts_payable": 1757000000.0,
            "deferred_revenue": 31096000000.0,
            "current_debt": 3161000000.0,
            "short_term_debt": 28330000000.0,
            "total_non_current_liabilities": 90440000000.0,
            "capital_lease_obligations": 17000000.0,
            "long_term_debt": 71534000000.0,
            "current_long_term_debt": 3117000000.0,
            "long_term_debt_non_current": 68417000000.0,
            "short_long_term_debt_total": 99864000000.0,
            "other_current_liabilities": 12578000000.0,
            "other_non_current_liabilities": 16296000000.0,
            "total_shareholder_equity": 65651000000.0,
            "treasury_stock": null,
            "retained_earnings": -1875000000.0,
            "common_stock": 5000000.0,
            "common_stock_shares_outstanding": 4671000000.0
        },
        {
            "fiscal_date_ending": "2024-11-03",
            "reported_currency": "USD",
            "total_assets": 165645000000.0,
            "total_current_assets": 19595000000.0,
            "cash_and_cash_equivalents": 9348000000.0,
            "cash_and_short_term_investments": 9348000000.0,
            "inventory": 1760000000.0,
            "current_net_receivables": 4416000000.0,
            "total_non_current_assets": 147390000000.0,
            "property_plant_equipment": 2521000000.0,
            "accumulated_depreciation_amortization_ppe": 4504000000.0,
            "intangible_assets": 138456000000.0,
            "intangible_assets_excluding_goodwill": 40583000000.0,
            "goodwill": 97873000000.0,
            "investments": null,
            "long_term_investments": null,
            "short_term_investments": null,
            "other_current_assets": 4071000000.0,
            "other_non_current_assets": 5073000000.0,
            "total_liabilities": 97967000000.0,
            "total_current_liabilities": 16697000000.0,
            "current_accounts_payable": 1662000000.0,
            "deferred_revenue": 28990000000.0,
            "current_debt": 1271000000.0,
            "short_term_debt": 71107000000.0,
            "total_non_current_liabilities": 89016000000.0,
            "capital_lease_obligations": 13000000.0,
            "long_term_debt": 66267000000.0,
            "current_long_term_debt": 1245000000.0,
            "long_term_debt_non_current": 65022000000.0,
            "short_long_term_debt_total": 69847000000.0,
            "other_current_liabilities": 11793000000.0,
            "other_non_current_liabilities": 14975000000.0,
            "total_shareholder_equity": 67678000000.0,
            "treasury_stock": null,
            "retained_earnings": 0.0,
            "common_stock": 5000000.0,
            "common_stock_shares_outstanding": 4686000000.0
        },
        {
            "fiscal_date_ending": "2025-02-02",
            "reported_currency": "USD",
            "total_assets": 165358000000.0,
            "total_current_assets": 20990000000.0,
            "cash_and_cash_equivalents": 9307000000.0,
            "cash_and_short_term_investments": 9307000000.0,
            "inventory": 1908000000.0,
            "current_net_receivables": 4955000000.0,
            "total_non_current_assets": 144368000000.0,
            "property_plant_equipment": 2465000000.0,
            "accumulated_depreciation_amortization_ppe": null,
            "intangible_assets": 136454000000.0,
            "intangible_assets_excluding_goodwill": 38583000000.0,
            "goodwill": 97871000000.0,
            "investments": null,
            "long_term_investments": null,
            "short_term_investments": null,
            "other_current_assets": 4820000000.0,
            "other_non_current_assets": 5449000000.0,
            "total_liabilities": 95569000000.0,
            "total_current_liabilities": 20910000000.0,
            "current_accounts_payable": 1905000000.0,
            "deferred_revenue": 29072000000.0,
            "current_debt": 5653000000.0,
            "short_term_debt": 13181000000.0,
            "total_non_current_liabilities": 80754000000.0,
            "capital_lease_obligations": 11000000.0,
            "long_term_debt": 55576000000.0,
            "current_long_term_debt": 1650000000.0,
            "long_term_debt_non_current": 53926000000.0,
            "short_long_term_debt_total": 68757000000.0,
            "other_current_liabilities": 12430000000.0,
            "other_non_current_liabilities": 13733000000.0,
            "total_shareholder_equity": 69789000000.0,
            "treasury_stock": null,
            "retained_earnings": 2729000000.0,
            "common_stock": 5000000.0,
            "common_stock_shares_outstanding": 4702000000.0
        }
    ],
    "total_quarters": 28,
    "date_range": {
        "start": "2018-05-06",
        "end": "2025-02-02"
    }
}