{
    "symbol": "F",
    "quarterly_reports": [
        {
            "fiscal_date_ending": "2009-06-30",
            "reported_currency": "USD",
            "total_assets": 200190000000.0,
            "total_current_assets": 30614000000.0,
            "cash_and_cash_equivalents": 23402000000.0,
            "cash_and_short_term_investments": 24011000000.0,
            "inventory": 6603000000.0,
            "current_net_receivables": null,
            "total_non_current_assets": 26543000000.0,
            "property_plant_equipment": 24801000000.0,
            "accumulated_depreciation_amortization_ppe": null,
            "intangible_assets": 193000000.0,
            "intangible_assets_excluding_goodwill": 193000000.0,
            "goodwill": 42000000.0,
            "investments": 18865000000.0,
            "long_term_investments": 1742000000.0,
            "short_term_investments": 609000000.0,
            "other_current_assets": 3282000000.0,
            "other_non_current_assets": null,
            "total_liabilities": 209608000000.0,
            "total_current_liabilities": 86333000000.0,
            "current_accounts_payable": null,
            "deferred_revenue": null,
            "current_debt": null,
            "short_term_debt": 16564000000.0,
            "total_non_current_liabilities": 123275000000.0,
            "capital_lease_obligations": null,
            "long_term_debt": 81075000000.0,
            "current_long_term_debt": null,
            "long_term_debt_non_current": null,
            "short_long_term_debt_total": 133423000000.0,
            "other_current_liabilities": 69769000000.0,
            "other_non_current_liabilities": null,
            "total_shareholder_equity": -10743000000.0,
            "treasury_stock": 179000000.0,
            "retained_earnings": -15521000000.0,
            "common_stock": 33000000.0,
            "common_stock_shares_outstanding": 3001000000.0
        },
        {
            "fiscal_date_ending": "2009-09-30",
            "reported_currency": "USD",
            "total_assets": 203106000000.0,
            "total_current_assets": 32358000000.0,
            "cash_and_cash_equivalents": 25177000000.0,
            "cash_and_short_term_investments": 25798000000.0,
            "inventory": 6560000000.0,
            "current_net_receivables": null,
            "total_non_current_assets": 26356000000.0,
            "property_plant_equipment": 24812000000.0,
            "accumulated_depreciation_amortization_ppe": null,
            "intangible_assets": 182000000.0,
            "intangible_assets_excluding_goodwill": 182000000.0,
            "goodwill": 43000000.0,
            "investments": 24112000000.0,
            "long_term_investments": 1544000000.0,
            "short_term_investments": 621000000.0,
            "other_current_assets": 2796000000.0,
            "other_non_current_assets": null,
            "total_liabilities": 210376000000.0,
            "total_current_liabilities": 87893000000.0,
            "current_accounts_payable": null,
            "deferred_revenue": null,
            "current_debt": null,
            "short_term_debt": 17533000000.0,
            "total_non_current_liabilities": 122483000000.0,
            "capital_lease_obligations": null,
            "long_term_debt": 25254000000.0,
            "current_long_term_debt": null,
            "long_term_debt_non_current": null,
            "short_long_term_debt_total": 132663000000.0,
            "other_current_liabilities": 70360000000.0,
            "other_non_current_liabilities": 62755000000.0,
            "total_shareholder_equity": -8675000000.0,
            "treasury_stock": 178000000.0,
            "retained_earnings": -14524000000.0,
            "common_stock": 33000000.0,
            "common_stock_shares_outstanding": 3259000000.0
        },
        {
            "fiscal_date_ending": "2009-12-31",
            "reported_currency": "USD",
            "total_assets": 192040000000.0,
            "total_current_assets": 26519000000.0,
            "cash_and_cash_equivalents": 20894000000.0,
            "cash_and_short_term_investments": 21441000000.0,
            "inventory": 5041000000.0,
            "current_net_receivables": null,
            "total_non_current_assets": 26328000000.0,
            "property_plant_equipment": 22637000000.0,
            "accumulated_depreciation_amortization_ppe": null,
            "intangible_assets": 209000000.0,
            "intangible_assets_excluding_goodwill": 165000000.0,
            "goodwill": 43000000.0,
            "investments": 22937000000.0,
            "long_term_investments": 1550000000.0,
            "short_term_investments": 547000000.0,
            "other_current_assets": 7064000000.0,
            "other_non_current_assets": null,
            "total_liabilities": 199822000000.0,
            "total_current_liabilities": 50773000000.0,
            "current_accounts_payable": null,
            "deferred_revenue": 2500000000.0,
            "current_debt": null,
            "short_term_debt": 17714000000.0,
            "total_non_current_liabilities": 150592000000.0,
            "capital_lease_obligations": null,
            "long_term_debt": 32321000000.0,
            "current_long_term_debt": null,
            "long_term_debt_non_current": null,
            "short_long_term_debt_total": 133087000000.0,
            "other_current_liabilities": 15303000000.0,
            "other_non_current_liabilities": 98564000000.0,
            "total_shareholder_equity": -7820000000.0,
            "treasury_stock": 177000000.0,
            "retained_earnings": -13599000000.0,
            "common_stock": 33000000.0,
            "common_stock_shares_outstanding": 3310000000.0
        },
        {
            "fiscal_date_ending": "2010-03-31",
            "reported_currency": "USD",
            "total_assets": 191968000000.0,
            "total_current_assets": 30648000000.0,
            "cash_and_cash_equivalents": 24356000000.0,
            "cash_and_short_term_investments": 24356000000.0,
            "inventory": 6292000000.0,
            "current_net_receivables": null,
            "total_non_current_assets": 25370000000.0,
            "property_plant_equipment": 22826000000.0,
            "accumulated_depreciation_amortization_ppe": null,
            "intangible_assets": 151000000.0,
            "intangible_assets_excluding_goodwill": 151000000.0,
            "goodwill": 41000000.0,
            "investments": 24427000000.0,
            "long_term_investments": 2544000000.0,
            "short_term_investments": 37701000000.0,
            "other_current_assets": 3034000000.0,
            "other_non_current_assets": null,
            "total_liabilities": 197405000000.0,
            "total_current_liabilities": 79193000000.0,
            "current_accounts_payable": null,
            "deferred_revenue": null,
            "current_debt": null,
            "short_term_debt": 19137000000.0,
            "total_non_current_liabilities": 118212000000.0,
            "capital_lease_obligations": null,
            "long_term_debt": 29242000000.0,
            "current_long_term_debt": null,
            "long_term_debt_non_current": null,
            "short_long_term_debt_total": 130537000000.0,
            "other_current_liabilities": 60056000000.0,
            "other_non_current_liabilities": 91012000000.0,
            "total_shareholder_equity": -5475000000.0,
            "treasury_stock": 178000000.0,
            "retained_earnings": -11514000000.0,
            "common_stock": 34000000.0,
            "common_stock_shares_outstanding": 3366000000.0
        },
        {
            "fiscal_date_ending": "2010-06-30",
            "reported_currency": "USD",
            "total_assets": 179750000000.0,
            "total_current_assets": 24398000000.0,
            "cash_and_cash_equivalents": 18322000000.0,
            "cash_and_short_term_investments": 18322000000.0,
            "inventory": 6076000000.0,
            "current_net_receivables": null,
            "total_non_current_assets": 24877000000.0,
            "property_plant_equipment": 22210000000.0,
            "accumulated_depreciation_amortization_ppe": null,
            "intangible_assets": 144000000.0,
            "intangible_assets_excluding_goodwill": 144000000.0,
            "goodwill": 39000000.0,
            "investments": 23927000000.0,
            "long_term_investments": 2523000000.0,
            "short_term_investments": 36127000000.0,
            "other_current_assets": 3192000000.0,
            "other_non_current_assets": null,
            "total_liabilities": 183291000000.0,
            "total_current_liabilities": 75207000000.0,
            "current_accounts_payable": null,
            "deferred_revenue": null,
            "current_debt": null,
            "short_term_debt": 15533000000.0,
            "total_non_current_liabilities": 108084000000.0,
            "capital_lease_obligations": null,
            "long_term_debt": 26202000000.0,
            "current_long_term_debt": null,
            "long_term_debt_non_current": null,
            "short_long_term_debt_total": 117699000000.0,
            "other_current_liabilities": 59674000000.0,
            "other_non_current_liabilities": 90470000000.0,
            "total_shareholder_equity": -3574000000.0,
            "treasury_stock": 176000000.0,
            "retained_earnings": -8915000000.0,
            "common_stock": 35000000.0,
            "common_stock_shares_outstanding": 3411000000.0
        },
        {
            "fiscal_date_ending": "2010-09-30",
            "reported_currency": "USD",
            "total_assets": 177078000000.0,
            "total_current_assets": 24847000000.0,
            "cash_and_cash_equivalents": 17992000000.0,
            "cash_and_short_term_investments": 17992000000.0,
            "inventory": 6855000000.0,
            "current_net_receivables": null,
            "total_non_current_assets": 25755000000.0,
            "property_plant_equipment": 22956000000.0,
            "accumulated_depreciation_amortization_ppe": null,
            "intangible_assets": 123000000.0,
            "intangible_assets_excluding_goodwill": 123000000.0,
            "goodwill": null,
            "investments": 28832000000.0,
            "long_term_investments": 2676000000.0,
            "short_term_investments": 39166000000.0,
            "other_current_assets": 2753000000.0,
            "other_non_current_assets": null,
            "total_liabilities": 178818000000.0,
            "total_current_liabilities": 76868000000.0,
            "current_accounts_payable": null,
            "deferred_revenue": null,
            "current_debt": null,
            "short_term_debt": 15768000000.0,
            "total_non_current_liabilities": 101950000000.0,
            "capital_lease_obligations": null,
            "long_term_debt": 25100000000.0,
            "current_long_term_debt": null,
            "long_term_debt_non_current": null,
            "short_long_term_debt_total": 116920000000.0,
            "other_current_liabilities": 61100000000.0,
            "other_non_current_liabilities": 85168000000.0,
            "total_shareholder_equity": -1773000000.0,
            "treasury_stock": 161000000.0,
            "retained_earnings": -7228000000.0,
            "common_stock": 35000000.0,
            "common_stock_shares_outstanding": 3446000000.0
        },
        {
            "fiscal_date_ending": "2010-12-31",
            "reported_currency": "USD",
            "total_assets": 164687000000.0,
            "total_current_assets": 20494000000.0,
            "cash_and_cash_equivalents": 14805000000.0,
            "cash_and_short_term_investments": 14805000000.0,
            "inventory": 5917000000.0,
            "current_net_receivables": -228000000.0,
            "total_non_current_assets": 25850000000.0,
            "property_plant_equipment": 23179000000.0,
            "accumulated_depreciation_amortization_ppe": null,
            "intangible_assets": 102000000.0,
            "intangible_assets_excluding_goodwill": 102000000.0,
            "goodwill": null,
            "investments": 23334000000.0,
            "long_term_investments": 2569000000.0,
            "short_term_investments": 20765000000.0,
            "other_current_assets": 6062000000.0,
            "other_non_current_assets": null,
            "total_liabilities": 165329000000.0,
            "total_current_liabilities": 48883000000.0,
            "current_accounts_payable": null,
            "deferred_revenue": 1400000000.0,
            "current_debt": null,
            "short_term_debt": 15456000000.0,
            "total_non_current_liabilities": 116446000000.0,
            "capital_lease_obligations": null,
            "long_term_debt": 17028000000.0,
            "current_long_term_debt": null,
            "long_term_debt_non_current": null,
            "short_long_term_debt_total": 103988000000.0,
            "other_current_liabilities": 14996000000.0,
            "other_non_current_liabilities": 85606000000.0,
            "total_shareholder_equity": -673000000.0,
            "treasury_stock": 163000000.0,
            "retained_earnings": -7038000000.0,
            "common_stock": 38000000.0,
            "common_stock_shares_outstanding": 3572000000.0
        },
        {
            "fiscal_date_ending": "2011-03-31",
            "reported_currency": "USD",
            "total_assets": 167391000000.0,
            "total_current_assets": 28732000000.0,
            "cash_and_cash_equivalents": 21318000000.0,
            "cash_and_short_term_investments": 21318000000.0,
            "inventory": 7414000000.0,
            "current_net_receivables": null,
            "total_non_current_assets": 26030000000.0,
            "property_plant_equipment": 23407000000.0,
            "accumulated_depreciation_amortization_ppe": null,
            "intangible_assets": 98000000.0,
            "intangible_assets_excluding_goodwill": 98000000.0,
            "goodwill": null,
            "investments": 16073000000.0,
            "long_term_investments": 2525000000.0,
            "short_term_investments": 24787000000.0,
            "other_current_assets": 5977000000.0,
            "other_non_current_assets": null,
            "total_liabilities": 164926000000.0,
            "total_current_liabilities": 78238000000.0,
            "current_accounts_payable": null,
            "deferred_revenue": null,
            "current_debt": null,
            "short_term_debt": 10869000000.0,
            "total_non_current_liabilities": 86688000000.0,
            "capital_lease_obligations": null,
            "long_term_debt": 116428000000.0,
            "current_long_term_debt": null,
            "long_term_debt_non_current": null,
            "short_long_term_debt_total": 127297000000.0,
            "other_current_liabilities": 31443000000.0,
            "other_non_current_liabilities": 81730000000.0,
            "total_shareholder_equity": 2426000000.0,
            "treasury_stock": 164000000.0,
            "retained_earnings": -4487000000.0,
            "common_stock": 38000000.0,
            "common_stock_shares_outstanding": 3771000000.0
        },
        {
            "fiscal_date_ending": "2011-06-30",
            "reported_currency": "USD",
            "total_assets": 168086000000.0,
            "total_current_assets": 24517000000.0,
            "cash_and_cash_equivalents": 17472000000.0,
            "cash_and_short_term_investments": 17472000000.0,
            "inventory": 7036000000.0,
            "current_net_receivables": null,
            "total_non_current_assets": 25959000000.0,
            "property_plant_equipment": 23263000000.0,
            "accumulated_depreciation_amortization_ppe": null,
            "intangible_assets": 103000000.0,
            "intangible_assets_excluding_goodwill": 103000000.0,
            "goodwill": null,
            "investments": 18642000000.0,
            "long_term_investments": 2593000000.0,
            "short_term_investments": 28204000000.0,
            "other_current_assets": 6795000000.0,
            "other_non_current_assets": null,
            "total_liabilities": 162736000000.0,
            "total_current_liabilities": 78159000000.0,
            "current_accounts_payable": null,
            "deferred_revenue": null,
            "current_debt": null,
            "short_term_debt": 10146000000.0,
            "total_non_current_liabilities": 84577000000.0,
            "capital_lease_obligations": null,
            "long_term_debt": 113982000000.0,
            "current_long_term_debt": null,
            "long_term_debt_non_current": null,
            "short_long_term_debt_total": 124128000000.0,
            "other_current_liabilities": 31577000000.0,
            "other_non_current_liabilities": 26251000000.0,
            "total_shareholder_equity": 5309000000.0,
            "treasury_stock": 166000000.0,
            "retained_earnings": -2089000000.0,
            "common_stock": 38000000.0,
            "common_stock_shares_outstanding": 3799000000.0
        },
        {
            "fiscal_date_ending": "2011-09-30",
            "reported_currency": "USD",
            "total_assets": 162740000000.0,
            "total_current_assets": 23741000000.0,
            "cash_and_cash_equivalents": 16460000000.0,
            "cash_and_short_term_investments": 16460000000.0,
            "inventory": 7212000000.0,
            "current_net_receivables": null,
            "total_non_current_assets": 25012000000.0,
            "property_plant_equipment": 22304000000.0,
            "accumulated_depreciation_amortization_ppe": null,
            "intangible_assets": 100000000.0,
            "intangible_assets_excluding_goodwill": 100000000.0,
            "goodwill": null,
            "investments": 19340000000.0,
            "long_term_investments": 2608000000.0,
            "short_term_investments": 29058000000.0,
            "other_current_assets": 6241000000.0,
            "other_non_current_assets": null,
            "total_liabilities": 156714000000.0,
            "total_current_liabilities": 76925000000.0,
            "current_accounts_payable": null,
            "deferred_revenue": null,
            "current_debt": null,
            "short_term_debt": 11499000000.0,
            "total_non_current_liabilities": 79789000000.0,
            "capital_lease_obligations": null,
            "long_term_debt": 97138000000.0,
            "current_long_term_debt": null,
            "long_term_debt_non_current": null,
            "short_long_term_debt_total": 118569000000.0,
            "other_current_liabilities": 31133000000.0,
            "other_non_current_liabilities": 86438000000.0,
            "total_shareholder_equity": 5982000000.0,
            "treasury_stock": 166000000.0,
            "retained_earnings": -440000000.0,
            "common_stock": 38000000.0,
            "common_stock_shares_outstanding": 3800000000.0
        },
        {
            "fiscal_date_ending": "2011-12-31",
            "reported_currency": "USD",
            "total_assets": 177386000000.0,
            "total_current_assets": 23049000000.0,
            "cash_and_cash_equivalents": 17148000000.0,
            "cash_and_short_term_investments": 17148000000.0,
            "inventory": 5901000000.0,
            "current_net_receivables": null,
            "total_non_current_assets": 25433000000.0,
            "property_plant_equipment": 22371000000.0,
            "accumulated_depreciation_amortization_ppe": null,
            "intangible_assets": 100000000.0,
            "intangible_assets_excluding_goodwill": 100000000.0,
            "goodwill": null,
            "investments": 21580000000.0,
            "long_term_investments": 2962000000.0,
            "short_term_investments": 18618000000.0,
            "other_current_assets": 8387000000.0,
            "other_non_current_assets": null,
            "total_liabilities": 163277000000.0,
            "total_current_liabilities": 73038000000.0,
            "current_accounts_payable": null,
            "deferred_revenue": 1500000000.0,
            "current_debt": null,
            "short_term_debt": 40311000000.0,
            "total_non_current_liabilities": 90239000000.0,
            "capital_lease_obligations": null,
            "long_term_debt": 100398000000.0,
            "current_long_term_debt": null,
            "long_term_debt_non_current": null,
            "short_long_term_debt_total": 152061000000.0,
            "other_current_liabilities": 12787000000.0,
            "other_non_current_liabilities": 93460000000.0,
            "total_shareholder_equity": 14778000000.0,
            "treasury_stock": 166000000.0,
            "retained_earnings": 12985000000.0,
            "common_stock": 38000000.0,
            "common_stock_shares_outstanding": 3802000000.0
        },
        {
            "fiscal_date_ending": "2012-03-31",
            "reported_currency": "USD",
            "total_assets": 182075000000.0,
            "total_current_assets": 22275000000.0,
            "cash_and_cash_equivalents": 15244000000.0,
            "cash_and_short_term_investments": 15244000000.0,
            "inventory": 7031000000.0,
            "current_net_receivables": null,
            "total_non_current_assets": 26211000000.0,
            "property_plant_equipment": 23150000000.0,
            "accumulated_depreciation_amortization_ppe": null,
            "intangible_assets": 97000000.0,
            "intangible_assets_excluding_goodwill": 97000000.0,
            "goodwill": null,
            "investments": 23747000000.0,
            "long_term_investments": 2964000000.0,
            "short_term_investments": 34259000000.0,
            "other_current_assets": 9085000000.0,
            "other_non_current_assets": null,
            "total_liabilities": 165425000000.0,
            "total_current_liabilities": 50969000000.0,
            "current_accounts_payable": null,
            "deferred_revenue": null,
            "current_debt": null,
            "short_term_debt": 16172000000.0,
            "total_non_current_liabilities": 114456000000.0,
            "capital_lease_obligations": null,
            "long_term_debt": 101894000000.0,
            "current_long_term_debt": null,
            "long_term_debt_non_current": null,
            "short_long_term_debt_total": 129211000000.0,
            "other_current_liabilities": 12665000000.0,
            "other_non_current_liabilities": 93907000000.0,
            "total_shareholder_equity": 16606000000.0,
            "treasury_stock": 193000000.0,
            "retained_earnings": 14190000000.0,
            "common_stock": 39000000.0,
            "common_stock_shares_outstanding": 3803000000.0
        },
        {
            "fiscal_date_ending": "2012-06-30",
            "reported_currency": "USD",
            "total_assets": 181236000000.0,
            "total_current_assets": 22390000000.0,
            "cash_and_cash_equivalents": 15101000000.0,
            "cash_and_short_term_investments": 15101000000.0,
            "inventory": 7289000000.0,
            "current_net_receivables": null,
            "total_non_current_assets": 25841000000.0,
            "property_plant_equipment": 22808000000.0,
            "accumulated_depreciation_amortization_ppe": null,
            "intangible_assets": 95000000.0,
            "intangible_assets_excluding_goodwill": 95000000.0,
            "goodwill": null,
            "investments": 23437000000.0,
            "long_term_investments": 2938000000.0,
            "short_term_investments": 35676000000.0,
            "other_current_assets": 9746000000.0,
            "other_non_current_assets": null,
            "total_liabilities": 164157000000.0,
            "total_current_liabilities": 77305000000.0,
            "current_accounts_payable": null,
            "deferred_revenue": null,
            "current_debt": null,
            "short_term_debt": 13640000000.0,
            "total_non_current_liabilities": 86852000000.0,
            "capital_lease_obligations": null,
            "long_term_debt": 100575000000.0,
            "current_long_term_debt": null,
            "long_term_debt_non_current": null,
            "short_long_term_debt_total": 85707000000.0,
            "other_current_liabilities": 28793000000.0,
            "other_non_current_liabilities": 92458000000.0,
            "total_shareholder_equity": 17036000000.0,
            "treasury_stock": 225000000.0,
            "retained_earnings": 15230000000.0,
            "common_stock": 39000000.0,
            "common_stock_shares_outstanding": 3815000000.0
        },
        {
            "fiscal_date_ending": "2012-09-30",
            "reported_currency": "USD",
            "total_assets": 184680000000.0,
            "total_current_assets": 21747000000.0,
            "cash_and_cash_equivalents": 13539000000.0,
            "cash_and_short_term_investments": 13539000000.0,
            "inventory": 8208000000.0,
            "current_net_receivables": null,
            "total_non_current_assets": 27152000000.0,
            "property_plant_equipment": 24347000000.0,
            "accumulated_depreciation_amortization_ppe": null,
            "intangible_assets": 89000000.0,
            "intangible_assets_excluding_goodwill": 89000000.0,
            "goodwill": null,
            "investments": 24712000000.0,
            "long_term_investments": 2716000000.0,
            "short_term_investments": 38113000000.0,
            "other_current_assets": 10138000000.0,
            "other_non_current_assets": null,
            "total_liabilities": 165474000000.0,
            "total_current_liabilities": 51630000000.0,
            "current_accounts_payable": null,
            "deferred_revenue": null,
            "current_debt": null,
            "short_term_debt": 15777000000.0,
            "total_non_current_liabilities": 113844000000.0,
            "capital_lease_obligations": null,
            "long_term_debt": 101271000000.0,
            "current_long_term_debt": null,
            "long_term_debt_non_current": null,
            "short_long_term_debt_total": 100604000000.0,
            "other_current_liabilities": 12048000000.0,
            "other_non_current_liabilities": 92701000000.0,
            "total_shareholder_equity": 18841000000.0,
            "treasury_stock": 258000000.0,
            "retained_earnings": 16670000000.0,
            "common_stock": 39000000.0,
            "common_stock_shares_outstanding": 3814000000.0
        },
        {
            "fiscal_date_ending": "2012-12-31",
            "reported_currency": "USD",
            "total_assets": 189571000000.0,
            "total_current_assets": 23021000000.0,
            "cash_and_cash_equivalents": 15659000000.0,
            "cash_and_short_term_investments": 15659000000.0,
            "inventory": 7362000000.0,
            "current_net_receivables": null,
            "total_non_current_assets": 28301000000.0,
            "property_plant_equipment": 24942000000.0,
            "accumulated_depreciation_amortization_ppe": null,
            "intangible_assets": 87000000.0,
            "intangible_assets_excluding_goodwill": 87000000.0,
            "goodwill": null,
            "investments": 23556000000.0,
            "long_term_investments": 3272000000.0,
            "short_term_investments": 20284000000.0,
            "other_current_assets": 5141000000.0,
            "other_non_current_assets": null,
            "total_liabilities": 173095000000.0,
            "total_current_liabilities": 120000000.0,
            "current_accounts_payable": null,
            "deferred_revenue": 1500000000.0,
            "current_debt": null,
            "short_term_debt": 38762000000.0,
            "total_non_current_liabilities": 100815000000.0,
            "capital_lease_obligations": null,
            "long_term_debt": 105058000000.0,
            "current_long_term_debt": null,
            "long_term_debt_non_current": null,
            "short_long_term_debt_total": 105058000000.0,
            "other_current_liabilities": 12562000000.0,
            "other_non_current_liabilities": 102764000000.0,
            "total_shareholder_equity": 15882000000.0,
            "treasury_stock": 292000000.0,
            "retained_earnings": 18077000000.0,
            "common_stock": 40000000.0,
            "common_stock_shares_outstanding": 3827000000.0
        },
        {
            "fiscal_date_ending": "2013-03-31",
            "reported_currency": "USD",
            "total_assets": 191969000000.0,
            "total_current_assets": 22814000000.0,
            "cash_and_cash_equivalents": 13820000000.0,
            "cash_and_short_term_investments": 13820000000.0,
            "inventory": 8423000000.0,
            "current_net_receivables": null,
            "total_non_current_assets": 29170000000.0,
            "property_plant_equipment": 25795000000.0,
            "accumulated_depreciation_amortization_ppe": null,
            "intangible_assets": 84000000.0,
            "intangible_assets_excluding_goodwill": 84000000.0,
            "goodwill": null,
            "investments": 23812000000.0,
            "long_term_investments": 3291000000.0,
            "short_term_investments": 20521000000.0,
            "other_current_assets": 571000000.0,
            "other_non_current_assets": null,
            "total_liabilities": 175048000000.0,
            "total_current_liabilities": 74675000000.0,
            "current_accounts_payable": null,
            "deferred_revenue": null,
            "current_debt": null,
            "short_term_debt": 39547000000.0,
            "total_non_current_liabilities": 100373000000.0,
            "capital_lease_obligations": null,
            "long_term_debt": 108028000000.0,
            "current_long_term_debt": null,
            "long_term_debt_non_current": null,
            "short_long_term_debt_total": 107356000000.0,
            "other_current_liabilities": 12096000000.0,
            "other_non_current_liabilities": 98980000000.0,
            "total_shareholder_equity": 17293000000.0,
            "treasury_stock": 302000000.0,
            "retained_earnings": 19296000000.0,
            "common_stock": 40000000.0,
            "common_stock_shares_outstanding": 3923000000.0
        },
        {
            "fiscal_date_ending": "2013-06-30",
            "reported_currency": "USD",
            "total_assets": 195004000000.0,
            "total_current_assets": 21818000000.0,
            "cash_and_cash_equivalents": 13362000000.0,
            "cash_and_short_term_investments": 13362000000.0,
            "inventory": 8192000000.0,
            "current_net_receivables": null,
            "total_non_current_assets": 29168000000.0,
            "property_plant_equipment": 25863000000.0,
            "accumulated_depreciation_amortization_ppe": null,
            "intangible_assets": 82000000.0,
            "intangible_assets_excluding_goodwill": 82000000.0,
            "goodwill": null,
            "investments": 26567000000.0,
            "long_term_investments": 3223000000.0,
            "short_term_investments": 23344000000.0,
            "other_current_assets": 264000000.0,
            "other_non_current_assets": null,
            "total_liabilities": 176661000000.0,
            "total_current_liabilities": 81637000000.0,
            "current_accounts_payable": null,
            "deferred_revenue": null,
            "current_debt": null,
            "short_term_debt": 44708000000.0,
            "total_non_current_liabilities": 95024000000.0,
            "capital_lease_obligations": null,
            "long_term_debt": 108572000000.0,
            "current_long_term_debt": null,
            "long_term_debt_non_current": null,
            "short_long_term_debt_total": 107857000000.0,
            "other_current_liabilities": 12525000000.0,
            "other_non_current_liabilities": 99327000000.0,
            "total_shareholder_equity": 18880000000.0,
            "treasury_stock": 379000000.0,
            "retained_earnings": 20136000000.0,
            "common_stock": 40000000.0,
            "common_stock_shares_outstanding": 3933000000.0
        },
        {
            "fiscal_date_ending": "2013-09-30",
            "reported_currency": "USD",
            "total_assets": 199782000000.0,
            "total_current_assets": 23649000000.0,
            "cash_and_cash_equivalents": 14752000000.0,
            "cash_and_short_term_investments": 14752000000.0,
            "inventory": 8799000000.0,
            "current_net_receivables": null,
            "total_non_current_assets": 30388000000.0,
            "property_plant_equipment": 26836000000.0,
            "accumulated_depreciation_amortization_ppe": null,
            "intangible_assets": 86000000.0,
            "intangible_assets_excluding_goodwill": 86000000.0,
            "goodwill": null,
            "investments": 26356000000.0,
            "long_term_investments": 3466000000.0,
            "short_term_investments": 22890000000.0,
            "other_current_assets": 98000000.0,
            "other_non_current_assets": null,
            "total_liabilities": 180232000000.0,
            "total_current_liabilities": 83287000000.0,
            "current_accounts_payable": null,
            "deferred_revenue": null,
            "current_debt": null,
            "short_term_debt": 45228000000.0,
            "total_non_current_liabilities": 96945000000.0,
            "capital_lease_obligations": null,
            "long_term_debt": 111141000000.0,
            "current_long_term_debt": null,
            "long_term_debt_non_current": null,
            "short_long_term_debt_total": 110622000000.0,
            "other_current_liabilities": 13187000000.0,
            "other_non_current_liabilities": 99887000000.0,
            "total_shareholder_equity": 20167000000.0,
            "treasury_stock": 456000000.0,
            "retained_earnings": 21014000000.0,
            "common_stock": 40000000.0,
            "common_stock_shares_outstanding": 3942000000.0
        },
        {
            "fiscal_date_ending": "2013-12-31",
            "reported_currency": "USD",
            "total_assets": 202204000000.0,
            "total_current_assets": 22176000000.0,
            "cash_and_cash_equivalents": 14468000000.0,
            "cash_and_short_term_investments": 14468000000.0,
            "inventory": 7708000000.0,
            "current_net_receivables": null,
            "total_non_current_assets": 31380000000.0,
            "property_plant_equipment": 27616000000.0,
            "accumulated_depreciation_amortization_ppe": null,
            "intangible_assets": 85000000.0,
            "intangible_assets_excluding_goodwill": 85000000.0,
            "goodwill": null,
            "investments": 25779000000.0,
            "long_term_investments": 3679000000.0,
            "short_term_investments": 22100000000.0,
            "other_current_assets": 4674000000.0,
            "other_non_current_assets": null,
            "total_liabilities": 175703000000.0,
            "total_current_liabilities": 74131000000.0,
            "current_accounts_payable": null,
            "deferred_revenue": null,
            "current_debt": null,
            "short_term_debt": 38063000000.0,
            "total_non_current_liabilities": 101148000000.0,
            "capital_lease_obligations": null,
            "long_term_debt": 115412000000.0,
            "current_long_term_debt": null,
            "long_term_debt_non_current": null,
            "short_long_term_debt_total": 114688000000.0,
            "other_current_liabilities": 13720000000.0,
            "other_non_current_liabilities": 83918000000.0,
            "total_shareholder_equity": 26140000000.0,
            "treasury_stock": 506000000.0,
            "retained_earnings": 23386000000.0,
            "common_stock": 40000000.0,
            "common_stock_shares_outstanding": 3941000000.0
        },
        {
            "fiscal_date_ending": "2014-03-31",
            "reported_currency": "USD",
            "total_assets": 207082000000.0,
            "total_current_assets": 21857000000.0,
            "cash_and_cash_equivalents": 12983000000.0,
            "cash_and_short_term_investments": 12983000000.0,
            "inventory": 8874000000.0,
            "current_net_receivables": null,
            "total_non_current_assets": 32429000000.0,
            "property_plant_equipment": 28447000000.0,
            "accumulated_depreciation_amortization_ppe": null,
            "intangible_assets": null,
            "intangible_assets_excluding_goodwill": null,
            "goodwill": null,
            "investments": 27528000000.0,
            "long_term_investments": 3982000000.0,
            "short_term_investments": 23546000000.0,
            "other_current_assets": 9044000000.0,
            "other_non_current_assets": null,
            "total_liabilities": 179944000000.0,
            "total_current_liabilities": 83617000000.0,
            "current_accounts_payable": null,
            "deferred_revenue": null,
            "current_debt": null,
            "short_term_debt": 44970000000.0,
            "total_non_current_liabilities": 96327000000.0,
            "capital_lease_obligations": null,
            "long_term_debt": 117724000000.0,
            "current_long_term_debt": null,
            "long_term_debt_non_current": null,
            "short_long_term_debt_total": 117004000000.0,
            "other_current_liabilities": 13846000000.0,
            "other_non_current_liabilities": 86053000000.0,
            "total_shareholder_equity": 26773000000.0,
            "treasury_stock": 506000000.0,
            "retained_earnings": 23882000000.0,
            "common_stock": 40000000.0,
            "common_stock_shares_outstanding": 3946000000.0
        },
        {
            "fiscal_date_ending": "2014-06-30",
            "reported_currency": "USD",
            "total_assets": 210945000000.0,
            "total_current_assets": 20938000000.0,
            "cash_and_cash_equivalents": 11573000000.0,
            "cash_and_short_term_investments": 11573000000.0,
            "inventory": 9365000000.0,
            "current_net_receivables": null,
            "total_non_current_assets": 32650000000.0,
            "property_plant_equipment": 29294000000.0,
            "accumulated_depreciation_amortization_ppe": null,
            "intangible_assets": null,
            "intangible_assets_excluding_goodwill": null,
            "goodwill": null,
            "investments": 27452000000.0,
            "long_term_investments": 3356000000.0,
            "short_term_investments": 24096000000.0,
            "other_current_assets": 10114000000.0,
            "other_non_current_assets": null,
            "total_liabilities": 183801000000.0,
            "total_current_liabilities": 87505000000.0,
            "current_accounts_payable": null,
            "deferred_revenue": null,
            "current_debt": null,
            "short_term_debt": 46558000000.0,
            "total_non_current_liabilities": 96296000000.0,
            "capital_lease_obligations": null,
            "long_term_debt": 119413000000.0,
            "current_long_term_debt": null,
            "long_term_debt_non_current": null,
            "short_long_term_debt_total": 118707000000.0,
            "other_current_liabilities": 14604000000.0,
            "other_non_current_liabilities": 88065000000.0,
            "total_shareholder_equity": 26776000000.0,
            "treasury_stock": 1461000000.0,
            "retained_earnings": 24699000000.0,
            "common_stock": 40000000.0,
            "common_stock_shares_outstanding": 3940000000.0
        },
        {
            "fiscal_date_ending": "2014-09-30",
            "reported_currency": "USD",
            "total_assets": 208835000000.0,
            "total_current_assets": 22616000000.0,
            "cash_and_cash_equivalents": 13320000000.0,
            "cash_and_short_term_investments": 13320000000.0,
            "inventory": 9296000000.0,
            "current_net_receivables": null,
            "total_non_current_assets": 33151000000.0,
            "property_plant_equipment": 30048000000.0,
            "accumulated_depreciation_amortization_ppe": null,
            "intangible_assets": null,
            "intangible_assets_excluding_goodwill": null,
            "goodwill": null,
            "investments": 23746000000.0,
            "long_term_investments": 3103000000.0,
            "short_term_investments": 20643000000.0,
            "other_current_assets": 9833000000.0,
            "other_non_current_assets": null,
            "total_liabilities": 182331000000.0,
            "total_current_liabilities": 86844000000.0,
            "current_accounts_payable": null,
            "deferred_revenue": null,
            "current_debt": null,
            "short_term_debt": 47435000000.0,
            "total_non_current_liabilities": 95487000000.0,
            "capital_lease_obligations": null,
            "long_term_debt": 119887000000.0,
            "current_long_term_debt": null,
            "long_term_debt_non_current": null,
            "short_long_term_debt_total": 119193000000.0,
            "other_current_liabilities": 13982000000.0,
            "other_non_current_liabilities": 85715000000.0,
            "total_shareholder_equity": 26136000000.0,
            "treasury_stock": 2470000000.0,
            "retained_earnings": 25051000000.0,
            "common_stock": 40000000.0,
            "common_stock_shares_outstanding": 3861000000.0
        },
        {
            "fiscal_date_ending": "2014-12-31",
            "reported_currency": "USD",
            "total_assets": 208615000000.0,
            "total_current_assets": 18623000000.0,
            "cash_and_cash_equivalents": 10757000000.0,
            "cash_and_short_term_investments": 31150000000.0,
            "inventory": 7870000000.0,
            "current_net_receivables": null,
            "total_non_current_assets": 33616000000.0,
            "property_plant_equipment": 30126000000.0,
            "accumulated_depreciation_amortization_ppe": null,
            "intangible_assets": 133000000.0,
            "intangible_assets_excluding_goodwill": 133000000.0,
            "goodwill": null,
            "investments": 23750000000.0,
            "long_term_investments": 3357000000.0,
            "short_term_investments": 20393000000.0,
            "other_current_assets": 6307000000.0,
            "other_non_current_assets": null,
            "total_liabilities": 183808000000.0,
            "total_current_liabilities": 77141000000.0,
            "current_accounts_payable": null,
            "deferred_revenue": null,
            "current_debt": null,
            "short_term_debt": 39172000000.0,
            "total_non_current_liabilities": 106212000000.0,
            "capital_lease_obligations": null,
            "long_term_debt": 119668000000.0,
            "current_long_term_debt": 2128000000.0,
            "long_term_debt_non_current": null,
            "short_long_term_debt_total": 119171000000.0,
            "other_current_liabilities": 14011000000.0,
            "other_non_current_liabilities": 89255000000.0,
            "total_shareholder_equity": 24438000000.0,
            "treasury_stock": 848000000.0,
            "retained_earnings": 9422000000.0,
            "common_stock": 40000000.0,
            "common_stock_shares_outstanding": 3903000000.0
        },
        {
            "fiscal_date_ending": "2015-03-31",
            "reported_currency": "USD",
            "total_assets": 212449000000.0,
            "total_current_assets": 21887000000.0,
            "cash_and_cash_equivalents": 12368000000.0,
            "cash_and_short_term_investments": 12368000000.0,
            "inventory": 9519000000.0,
            "current_net_receivables": null,
            "total_non_current_assets": 33240000000.0,
            "property_plant_equipment": 29612000000.0,
            "accumulated_depreciation_amortization_ppe": null,
            "intangible_assets": null,
            "intangible_assets_excluding_goodwill": null,
            "goodwill": null,
            "investments": 24360000000.0,
            "long_term_investments": 3628000000.0,
            "short_term_investments": 20732000000.0,
            "other_current_assets": 11457000000.0,
            "other_non_current_assets": null,
            "total_liabilities": 187311000000.0,
            "total_current_liabilities": 84408000000.0,
            "current_accounts_payable": null,
            "deferred_revenue": null,
            "current_debt": null,
            "short_term_debt": 45297000000.0,
            "total_non_current_liabilities": 102903000000.0,
            "capital_lease_obligations": null,
            "long_term_debt": 122990000000.0,
            "current_long_term_debt": null,
            "long_term_debt_non_current": null,
            "short_long_term_debt_total": 122776000000.0,
            "other_current_liabilities": 12444000000.0,
            "other_non_current_liabilities": 88909000000.0,
            "total_shareholder_equity": 25048000000.0,
            "treasury_stock": 848000000.0,
            "retained_earnings": 24887000000.0,
            "common_stock": 41000000.0,
            "common_stock_shares_outstanding": 3963000000.0
        },
        {
            "fiscal_date_ending": "2015-06-30",
            "reported_currency": "USD",
            "total_assets": 216127000000.0,
            "total_current_assets": 22335000000.0,
            "cash_and_cash_equivalents": 12897000000.0,
            "cash_and_short_term_investments": 31302000000.0,
            "inventory": 9438000000.0,
            "current_net_receivables": null,
            "total_non_current_assets": 34219000000.0,
            "property_plant_equipment": 30750000000.0,
            "accumulated_depreciation_amortization_ppe": null,
            "intangible_assets": null,
            "intangible_assets_excluding_goodwill": null,
            "goodwill": null,
            "investments": 21874000000.0,
            "long_term_investments": 3469000000.0,
            "short_term_investments": 18405000000.0,
            "other_current_assets": 12709000000.0,
            "other_non_current_assets": null,
            "total_liabilities": 189597000000.0,
            "total_current_liabilities": 86159000000.0,
            "current_accounts_payable": null,
            "deferred_revenue": null,
            "current_debt": null,
            "short_term_debt": 45933000000.0,
            "total_non_current_liabilities": 103438000000.0,
            "capital_lease_obligations": null,
            "long_term_debt": 84187000000.0,
            "current_long_term_debt": null,
            "long_term_debt_non_current": null,
            "short_long_term_debt_total": 123526000000.0,
            "other_current_liabilities": 12989000000.0,
            "other_non_current_liabilities": 25282000000.0,
            "total_shareholder_equity": 26468000000.0,
            "treasury_stock": 939000000.0,
            "retained_earnings": 26175000000.0,
            "common_stock": 41000000.0,
            "common_stock_shares_outstanding": 3974000000.0
        },
        {
            "fiscal_date_ending": "2015-09-30",
            "reported_currency": "USD",
            "total_assets": 219578000000.0,
            "total_current_assets": 24182000000.0,
            "cash_and_cash_equivalents": 14686000000.0,
            "cash_and_short_term_investments": 31847000000.0,
            "inventory": 9496000000.0,
            "current_net_receivables": null,
            "total_non_current_assets": 33642000000.0,
            "property_plant_equipment": 30137000000.0,
            "accumulated_depreciation_amortization_ppe": null,
            "intangible_assets": null,
            "intangible_assets_excluding_goodwill": null,
            "goodwill": null,
            "investments": 20666000000.0,
            "long_term_investments": 3505000000.0,
            "short_term_investments": 17161000000.0,
            "other_current_assets": 12697000000.0,
            "other_non_current_assets": null,
            "total_liabilities": 191853000000.0,
            "total_current_liabilities": 85927000000.0,
            "current_accounts_payable": null,
            "deferred_revenue": null,
            "current_debt": null,
            "short_term_debt": 46032000000.0,
            "total_non_current_liabilities": 105926000000.0,
            "capital_lease_obligations": null,
            "long_term_debt": 86987000000.0,
            "current_long_term_debt": null,
            "long_term_debt_non_current": null,
            "short_long_term_debt_total": 126425000000.0,
            "other_current_liabilities": 12603000000.0,
            "other_non_current_liabilities": 25302000000.0,
            "total_shareholder_equity": 27688000000.0,
            "treasury_stock": 977000000.0,
            "retained_earnings": 27489000000.0,
            "common_stock": 41000000.0,
            "common_stock_shares_outstanding": 3969000000.0
        },
        {
            "fiscal_date_ending": "2015-12-31",
            "reported_currency": "USD",
            "total_assets": 224925000000.0,
            "total_current_assets": 102587000000.0,
            "cash_and_cash_equivalents": 14272000000.0,
            "cash_and_short_term_investments": 35176000000.0,
            "inventory": 8319000000.0,
            "current_net_receivables": 56179000000.0,
            "total_non_current_assets": 33511000000.0,
            "property_plant_equipment": 30163000000.0,
            "accumulated_depreciation_amortization_ppe": null,
            "intangible_assets": 124000000.0,
            "intangible_assets_excluding_goodwill": 124000000.0,
            "goodwill": 6000000.0,
            "investments": 24128000000.0,
            "long_term_investments": 3224000000.0,
            "short_term_investments": 20904000000.0,
            "other_current_assets": 2913000000.0,
            "other_non_current_assets": 4795000000.0,
            "total_liabilities": 196174000000.0,
            "total_current_liabilities": 82336000000.0,
            "current_accounts_payable": null,
            "deferred_revenue": 7927000000.0,
            "current_debt": null,
            "short_term_debt": 42998000000.0,
            "total_non_current_liabilities": 43155000000.0,
            "capital_lease_obligations": null,
            "long_term_debt": 175940000000.0,
            "current_long_term_debt": 961000000.0,
            "long_term_debt_non_current": null,
            "short_long_term_debt_total": 132854000000.0,
            "other_current_liabilities": 19089000000.0,
            "other_non_current_liabilities": 23457000000.0,
            "total_shareholder_equity": 28642000000.0,
            "treasury_stock": 977000000.0,
            "retained_earnings": 14414000000.0,
            "common_stock": 41000000.0,
            "common_stock_shares_outstanding": 3972000000.0
        },
        {
            "fiscal_date_ending": "2016-03-31",
            "reported_currency": "USD",
            "total_assets": 237288000000.0,
            "total_current_assets": 25687000000.0,
            "cash_and_cash_equivalents": 15917000000.0,
            "cash_and_short_term_investments": 39473000000.0,
            "inventory": 9770000000.0,
            "current_net_receivables": null,
            "total_non_current_assets": 34984000000.0,
            "property_plant_equipment": 31164000000.0,
            "accumulated_depreciation_amortization_ppe": null,
            "intangible_assets": null,
            "intangible_assets_excluding_goodwill": null,
            "goodwill": null,
            "investments": 27376000000.0,
            "long_term_investments": 3820000000.0,
            "short_term_investments": 23556000000.0,
            "other_current_assets": 9657000000.0,
            "other_non_current_assets": null,
            "total_liabilities": 207572000000.0,
            "total_current_liabilities": 95714000000.0,
            "current_accounts_payable": null,
            "deferred_revenue": null,
            "current_debt": null,
            "short_term_debt": 54335000000.0,
            "total_non_current_liabilities": 111858000000.0,
            "capital_lease_obligations": null,
            "long_term_debt": 93254000000.0,
            "current_long_term_debt": null,
            "long_term_debt_non_current": null,
            "short_long_term_debt_total": 140995000000.0,
            "other_current_liabilities": 14287000000.0,
            "other_non_current_liabilities": 25248000000.0,
            "total_shareholder_equity": 29605000000.0,
            "treasury_stock": 1122000000.0,
            "retained_earnings": 15278000000.0,
            "common_stock": 41000000.0,
            "common_stock_shares_outstanding": 3970000000.0
        },
        {
            "fiscal_date_ending": "2016-06-30",
            "reported_currency": "USD",
            "total_assets": 239678000000.0,
            "total_current_assets": 110767000000.0,
            "cash_and_cash_equivalents": 17063000000.0,
            "cash_and_short_term_investments": 39297000000.0,
            "inventory": 9829000000.0,
            "current_net_receivables": 58588000000.0,
            "total_non_current_assets": 89621000000.0,
            "property_plant_equipment": 31940000000.0,
            "accumulated_depreciation_amortization_ppe": null,
            "intangible_assets": null,
            "intangible_assets_excluding_goodwill": null,
            "goodwill": null,
            "investments": 3349000000.0,
            "long_term_investments": 3349000000.0,
            "short_term_investments": 22234000000.0,
            "other_current_assets": 3053000000.0,
            "other_non_current_assets": 6905000000.0,
            "total_liabilities": 208429000000.0,
            "total_current_liabilities": 89408000000.0,
            "current_accounts_payable": null,
            "deferred_revenue": 9138000000.0,
            "current_debt": null,
            "short_term_debt": 44861000000.0,
            "total_non_current_liabilities": 43161000000.0,
            "capital_lease_obligations": null,
            "long_term_debt": 95053000000.0,
            "current_long_term_debt": 44861000000.0,
            "long_term_debt_non_current": null,
            "short_long_term_debt_total": 139914000000.0,
            "other_current_liabilities": 21463000000.0,
            "other_non_current_liabilities": 23416000000.0,
            "total_shareholder_equity": 31141000000.0,
            "treasury_stock": 1122000000.0,
            "retained_earnings": 16652000000.0,
            "common_stock": 41000000.0,
            "common_stock_shares_outstanding": 3973000000.0
        },
        {
            "fiscal_date_ending": "2016-09-30",
            "reported_currency": "USD",
            "total_assets": 234963000000.0,
            "total_current_assets": 103515000000.0,
            "cash_and_cash_equivalents": 13340000000.0,
            "cash_and_short_term_investments": 34165000000.0,
            "inventory": 10219000000.0,
            "current_net_receivables": 55579000000.0,
            "total_non_current_assets": 94304000000.0,
            "property_plant_equipment": 32257000000.0,
            "accumulated_depreciation_amortization_ppe": null,
            "intangible_assets": null,
            "intangible_assets_excluding_goodwill": null,
            "goodwill": null,
            "investments": 6717000000.0,
            "long_term_investments": 3795000000.0,
            "short_term_investments": 20825000000.0,
            "other_current_assets": 3552000000.0,
            "other_non_current_assets": 7111000000.0,
            "total_liabilities": 203368000000.0,
            "total_current_liabilities": 89188000000.0,
            "current_accounts_payable": null,
            "deferred_revenue": 8354000000.0,
            "current_debt": null,
            "short_term_debt": 47273000000.0,
            "total_non_current_liabilities": 43460000000.0,
            "capital_lease_obligations": null,
            "long_term_debt": 89951000000.0,
            "current_long_term_debt": 47273000000.0,
            "long_term_debt_non_current": null,
            "short_long_term_debt_total": 137224000000.0,
            "other_current_liabilities": 19531000000.0,
            "other_non_current_liabilities": 23652000000.0,
            "total_shareholder_equity": 31484000000.0,
            "treasury_stock": 1122000000.0,
            "retained_earnings": 17013000000.0,
            "common_stock": 41000000.0,
            "common_stock_shares_outstanding": 3974000000.0
        },
        {
            "fiscal_date_ending": "2016-12-31",
            "reported_currency": "USD",
            "total_assets": 238510000000.0,
            "total_current_assets": 108461000000.0,
            "cash_and_cash_equivalents": 15905000000.0,
            "cash_and_short_term_investments": 38827000000.0,
            "inventory": 8898000000.0,
            "current_net_receivables": 57368000000.0,
            "total_non_current_assets": 92210000000.0,
            "property_plant_equipment": 32072000000.0,
            "accumulated_depreciation_amortization_ppe": null,
            "intangible_assets": 248000000.0,
            "intangible_assets_excluding_goodwill": 198000000.0,
            "goodwill": 50000000.0,
            "investments": 5418000000.0,
            "long_term_investments": 3523000000.0,
            "short_term_investments": 22922000000.0,
            "other_current_assets": 3368000000.0,
            "other_non_current_assets": 5656000000.0,
            "total_liabilities": 208668000000.0,
            "total_current_liabilities": 90281000000.0,
            "current_accounts_payable": null,
            "deferred_revenue": 7553000000.0,
            "current_debt": null,
            "short_term_debt": 49669000000.0,
            "total_non_current_liabilities": 45750000000.0,
            "capital_lease_obligations": null,
            "long_term_debt": 93301000000.0,
            "current_long_term_debt": 1361000000.0,
            "long_term_debt_non_current": null,
            "short_long_term_debt_total": 142970000000.0,
            "other_current_liabilities": 15450000000.0,
            "other_non_current_liabilities": 24395000000.0,
            "total_shareholder_equity": 29170000000.0,
            "treasury_stock": 1122000000.0,
            "retained_earnings": 15634000000.0,
            "common_stock": 41000000.0,
            "common_stock_shares_outstanding": 3976000000.0
        },
        {
            "fiscal_date_ending": "2017-03-31",
            "reported_currency": "USD",
            "total_assets": 244658000000.0,
            "total_current_assets": 113228000000.0,
            "cash_and_cash_equivalents": 17823000000.0,
            "cash_and_short_term_investments": 39989000000.0,
            "inventory": 10535000000.0,
            "current_net_receivables": 59290000000.0,
            "total_non_current_assets": 93726000000.0,
            "property_plant_equipment": 32668000000.0,
            "accumulated_depreciation_amortization_ppe": null,
            "intangible_assets": null,
            "intangible_assets_excluding_goodwill": null,
            "goodwill": null,
            "investments": 5282000000.0,
            "long_term_investments": 3861000000.0,
            "short_term_investments": 22166000000.0,
            "other_current_assets": 3414000000.0,
            "other_non_current_assets": 5893000000.0,
            "total_liabilities": 213356000000.0,
            "total_current_liabilities": 91304000000.0,
            "current_accounts_payable": null,
            "deferred_revenue": 5601000000.0,
            "current_debt": null,
            "short_term_debt": 49257000000.0,
            "total_non_current_liabilities": 45966000000.0,
            "capital_lease_obligations": null,
            "long_term_debt": 96720000000.0,
            "current_long_term_debt": 145977000000.0,
            "long_term_debt_non_current": null,
            "short_long_term_debt_total": 145977000000.0,
            "other_current_liabilities": 18790000000.0,
            "other_non_current_liabilities": 24583000000.0,
            "total_shareholder_equity": 30619000000.0,
            "treasury_stock": 1122000000.0,
            "retained_earnings": 16992000000.0,
            "common_stock": 41000000.0,
            "common_stock_shares_outstanding": 3976000000.0
        },
        {
            "fiscal_date_ending": "2017-06-30",
            "reported_currency": "USD",
            "total_assets": 248037000000.0,
            "total_current_assets": 113539000000.0,
            "cash_and_cash_equivalents": 16223000000.0,
            "cash_and_short_term_investments": 39109000000.0,
            "inventory": 11092000000.0,
            "current_net_receivables": 60047000000.0,
            "total_non_current_assets": 96212000000.0,
            "property_plant_equipment": 33794000000.0,
            "accumulated_depreciation_amortization_ppe": null,
            "intangible_assets": null,
            "intangible_assets_excluding_goodwill": null,
            "goodwill": null,
            "investments": 5135000000.0,
            "long_term_investments": 3462000000.0,
            "short_term_investments": 22886000000.0,
            "other_current_assets": 3291000000.0,
            "other_non_current_assets": 6602000000.0,
            "total_liabilities": 215110000000.0,
            "total_current_liabilities": 94299000000.0,
            "current_accounts_payable": null,
            "deferred_revenue": 6275000000.0,
            "current_debt": null,
            "short_term_debt": 50773000000.0,
            "total_non_current_liabilities": 46457000000.0,
            "capital_lease_obligations": null,
            "long_term_debt": 95236000000.0,
            "current_long_term_debt": 146009000000.0,
            "long_term_debt_non_current": null,
            "short_long_term_debt_total": 146009000000.0,
            "other_current_liabilities": 19958000000.0,
            "other_non_current_liabilities": 24840000000.0,
            "total_shareholder_equity": 32244000000.0,
            "treasury_stock": 1253000000.0,
            "retained_earnings": 18437000000.0,
            "common_stock": 41000000.0,
            "common_stock_shares_outstanding": 3977000000.0
        },
        {
            "fiscal_date_ending": "2017-09-30",
            "reported_currency": "USD",
            "total_assets": 251849000000.0,
            "total_current_assets": 112732000000.0,
            "cash_and_cash_equivalents": 17589000000.0,
            "cash_and_short_term_investments": 38081000000.0,
            "inventory": 11263000000.0,
            "current_net_receivables": 59818000000.0,
            "total_non_current_assets": 100527000000.0,
            "property_plant_equipment": 34760000000.0,
            "accumulated_depreciation_amortization_ppe": null,
            "intangible_assets": null,
            "intangible_assets_excluding_goodwill": null,
            "goodwill": null,
            "investments": 5340000000.0,
            "long_term_investments": 3670000000.0,
            "short_term_investments": 20492000000.0,
            "other_current_assets": 3570000000.0,
            "other_non_current_assets": 7041000000.0,
            "total_liabilities": 217913000000.0,
            "total_current_liabilities": 94352000000.0,
            "current_accounts_payable": null,
            "deferred_revenue": 6215000000.0,
            "current_debt": null,
            "short_term_debt": 51174000000.0,
            "total_non_current_liabilities": 46765000000.0,
            "capital_lease_obligations": null,
            "long_term_debt": 97938000000.0,
            "current_long_term_debt": 1985000000.0,
            "long_term_debt_non_current": null,
            "short_long_term_debt_total": 149112000000.0,
            "other_current_liabilities": 19612000000.0,
            "other_non_current_liabilities": 24819000000.0,
            "total_shareholder_equity": 33238000000.0,
            "treasury_stock": 1253000000.0,
            "retained_earnings": 19405000000.0,
            "common_stock": 41000000.0,
            "common_stock_shares_outstanding": 3972000000.0
        },
        {
            "fiscal_date_ending": "2017-12-31",
            "reported_currency": "USD",
            "total_assets": 258496000000.0,
            "total_current_assets": 116801000000.0,
            "cash_and_cash_equivalents": 18492000000.0,
            "cash_and_short_term_investments": 38927000000.0,
            "inventory": 11176000000.0,
            "current_net_receivables": 62809000000.0,
            "total_non_current_assets": 104095000000.0,
            "property_plant_equipment": 35327000000.0,
            "accumulated_depreciation_amortization_ppe": null,
            "intangible_assets": 288000000.0,
            "intangible_assets_excluding_goodwill": 213000000.0,
            "goodwill": 75000000.0,
            "investments": 4996000000.0,
            "long_term_investments": 3448000000.0,
            "short_term_investments": 20435000000.0,
            "other_current_assets": 3889000000.0,
            "other_non_current_assets": 8104000000.0,
            "total_liabilities": 222792000000.0,
            "total_current_liabilities": 94600000000.0,
            "current_accounts_payable": null,
            "deferred_revenue": 5936000000.0,
            "current_debt": null,
            "short_term_debt": 51621000000.0,
            "total_non_current_liabilities": 46591000000.0,
            "capital_lease_obligations": null,
            "long_term_debt": 102666000000.0,
            "current_long_term_debt": 1960000000.0,
            "long_term_debt_non_current": null,
            "short_long_term_debt_total": 154287000000.0,
            "other_current_liabilities": 19697000000.0,
            "other_non_current_liabilities": 24711000000.0,
            "total_shareholder_equity": 35578000000.0,
            "treasury_stock": 1253000000.0,
            "retained_earnings": 21906000000.0,
            "common_stock": 41000000.0,
            "common_stock_shares_outstanding": 3975000000.0
        },
        {
            "fiscal_date_ending": "2018-03-31",
            "reported_currency": "USD",
            "total_assets": 267230000000.0,
            "total_current_assets": 123264000000.0,
            "cash_and_cash_equivalents": 17940000000.0,
            "cash_and_short_term_investments": 40071000000.0,
            "inventory": 12371000000.0,
            "current_net_receivables": 67066000000.0,
            "total_non_current_assets": 106249000000.0,
            "property_plant_equipment": 36118000000.0,
            "accumulated_depreciation_amortization_ppe": null,
            "intangible_assets": 274000000.0,
            "intangible_assets_excluding_goodwill": 274000000.0,
            "goodwill": 274000000.0,
            "investments": 4837000000.0,
            "long_term_investments": 3582000000.0,
            "short_term_investments": 22131000000.0,
            "other_current_assets": 3756000000.0,
            "other_non_current_assets": 8546000000.0,
            "total_liabilities": 230696000000.0,
            "total_current_liabilities": 99878000000.0,
            "current_accounts_payable": null,
            "deferred_revenue": 6231000000.0,
            "current_debt": null,
            "short_term_debt": 52983000000.0,
            "total_non_current_liabilities": 46887000000.0,
            "capital_lease_obligations": null,
            "long_term_debt": 105351000000.0,
            "current_long_term_debt": 2491000000.0,
            "long_term_debt_non_current": null,
            "short_long_term_debt_total": 158334000000.0,
            "other_current_liabilities": 21415000000.0,
            "other_non_current_liabilities": 24845000000.0,
            "total_shareholder_equity": 36400000000.0,
            "treasury_stock": 1342000000.0,
            "retained_earnings": 22529000000.0,
            "common_stock": 41000000.0,
            "common_stock_shares_outstanding": 3974000000.0
        },
        {
            "fiscal_date_ending": "2018-06-30",
            "reported_currency": "USD",
            "total_assets": 258079000000.0,
            "total_current_assets": 115025000000.0,
            "cash_and_cash_equivalents": 16828000000.0,
            "cash_and_short_term_investments": 36476000000.0,
            "inventory": 12565000000.0,
            "current_net_receivables": 62380000000.0,
            "total_non_current_assets": 104285000000.0,
            "property_plant_equipment": 35580000000.0,
            "accumulated_depreciation_amortization_ppe": null,
            "intangible_assets": 273000000.0,
            "intangible_assets_excluding_goodwill": 273000000.0,
            "goodwill": 273000000.0,
            "investments": 4547000000.0,
            "long_term_investments": 3275000000.0,
            "short_term_investments": 19648000000.0,
            "other_current_assets": 3604000000.0,
            "other_non_current_assets": 8300000000.0,
            "total_liabilities": 221511000000.0,
            "total_current_liabilities": 94861000000.0,
            "current_accounts_payable": null,
            "deferred_revenue": 6791000000.0,
            "current_debt": null,
            "short_term_debt": 50884000000.0,
            "total_non_current_liabilities": 45536000000.0,
            "capital_lease_obligations": null,
            "long_term_debt": 12241000000.0,
            "current_long_term_debt": 2399000000.0,
            "long_term_debt_non_current": null,
            "short_long_term_debt_total": 152843000000.0,
            "other_current_liabilities": 21234000000.0,
            "other_non_current_liabilities": 24107000000.0,
            "total_shareholder_equity": 36441000000.0,
            "treasury_stock": 1342000000.0,
            "retained_earnings": 22993000000.0,
            "common_stock": 41000000.0,
            "common_stock_shares_outstanding": 3977000000.0
        },
        {
            "fiscal_date_ending": "2018-09-30",
            "reported_currency": "USD",
            "total_assets": 258966000000.0,
            "total_current_assets": 114843000000.0,
            "cash_and_cash_equivalents": 18562000000.0,
            "cash_and_short_term_investments": 36342000000.0,
            "inventory": 12810000000.0,
            "current_net_receivables": 62062000000.0,
            "total_non_current_assets": 104858000000.0,
            "property_plant_equipment": 35762000000.0,
            "accumulated_depreciation_amortization_ppe": null,
            "intangible_assets": 273000000.0,
            "intangible_assets_excluding_goodwill": 273000000.0,
            "goodwill": 273000000.0,
            "investments": 4036000000.0,
            "long_term_investments": 3057000000.0,
            "short_term_investments": 17780000000.0,
            "other_current_assets": 3629000000.0,
            "other_non_current_assets": 8367000000.0,
            "total_liabilities": 222248000000.0,
            "total_current_liabilities": 94750000000.0,
            "current_accounts_payable": null,
            "deferred_revenue": 6790000000.0,
            "current_debt": null,
            "short_term_debt": 50763000000.0,
            "total_non_current_liabilities": 45770000000.0,
            "capital_lease_obligations": null,
            "long_term_debt": 12048000000.0,
            "current_long_term_debt": 1699000000.0,
            "long_term_debt_non_current": null,
            "short_long_term_debt_total": 153431000000.0,
            "other_current_liabilities": 20714000000.0,
            "other_non_current_liabilities": 24228000000.0,
            "total_shareholder_equity": 36590000000.0,
            "treasury_stock": 1417000000.0,
            "retained_earnings": 23384000000.0,
            "common_stock": 41000000.0,
            "common_stock_shares_outstanding": 3976000000.0
        },
        {
            "fiscal_date_ending": "2018-12-31",
            "reported_currency": "USD",
            "total_assets": 256540000000.0,
            "total_current_assets": 114649000000.0,
            "cash_and_cash_equivalents": 16718000000.0,
            "cash_and_short_term_investments": 33951000000.0,
            "inventory": 11220000000.0,
            "current_net_receivables": 65548000000.0,
            "total_non_current_assets": 103342000000.0,
            "property_plant_equipment": 36178000000.0,
            "accumulated_depreciation_amortization_ppe": null,
            "intangible_assets": 442000000.0,
            "intangible_assets_excluding_goodwill": 178000000.0,
            "goodwill": 264000000.0,
            "investments": 21163000000.0,
            "long_term_investments": 2709000000.0,
            "short_term_investments": 17233000000.0,
            "other_current_assets": 3930000000.0,
            "other_non_current_assets": null,
            "total_liabilities": 220474000000.0,
            "total_current_liabilities": 95569000000.0,
            "current_accounts_payable": null,
            "deferred_revenue": 6080000000.0,
            "current_debt": null,
            "short_term_debt": 53493000000.0,
            "total_non_current_liabilities": 40220000000.0,
            "capital_lease_obligations": null,
            "long_term_debt": 600000000.0,
            "current_long_term_debt": 0.0,
            "long_term_debt_non_current": 600000000.0,
            "short_long_term_debt_total": 600000000.0,
            "other_current_liabilities": 20556000000.0,
            "other_non_current_liabilities": 23588000000.0,
            "total_shareholder_equity": 35932000000.0,
            "treasury_stock": 1417000000.0,
            "retained_earnings": 22668000000.0,
            "common_stock": 41000000.0,
            "common_stock_shares_outstanding": 3968000000.0
        },
        {
            "fiscal_date_ending": "2019-03-31",
            "reported_currency": "USD",
            "total_assets": 263281000000.0,
            "total_current_assets": 121195000000.0,
            "cash_and_cash_equivalents": 20848000000.0,
            "cash_and_short_term_investments": 37730000000.0,
            "inventory": 12333000000.0,
            "current_net_receivables": 67460000000.0,
            "total_non_current_assets": 103296000000.0,
            "property_plant_equipment": 36145000000.0,
            "accumulated_depreciation_amortization_ppe": null,
            "intangible_assets": 264000000.0,
            "intangible_assets_excluding_goodwill": null,
            "goodwill": 264000000.0,
            "investments": 20478000000.0,
            "long_term_investments": 2605000000.0,
            "short_term_investments": 16882000000.0,
            "other_current_assets": 3672000000.0,
            "other_non_current_assets": 9459000000.0,
            "total_liabilities": 226712000000.0,
            "total_current_liabilities": 99237000000.0,
            "current_accounts_payable": null,
            "deferred_revenue": null,
            "current_debt": null,
            "short_term_debt": 54883000000.0,
            "total_non_current_liabilities": 40612000000.0,
            "capital_lease_obligations": 1360000000.0,
            "long_term_debt": 102537000000.0,
            "current_long_term_debt": 54548000000.0,
            "long_term_debt_non_current": null,
            "short_long_term_debt_total": 158520000000.0,
            "other_current_liabilities": 21364000000.0,
            "other_non_current_liabilities": 24216000000.0,
            "total_shareholder_equity": 36398000000.0,
            "treasury_stock": 1394000000.0,
            "retained_earnings": 23226000000.0,
            "common_stock": 41000000.0,
            "common_stock_shares_outstanding": 3973000000.0
        },
        {
            "fiscal_date_ending": "2019-06-30",
            "reported_currency": "USD",
            "total_assets": 262184000000.0,
            "total_current_assets": 118351000000.0,
            "cash_and_cash_equivalents": 22117000000.0,
            "cash_and_short_term_investments": 38048000000.0,
            "inventory": 12437000000.0,
            "current_net_receivables": 64697000000.0,
            "total_non_current_assets": 105253000000.0,
            "property_plant_equipment": 36581000000.0,
            "accumulated_depreciation_amortization_ppe": null,
            "intangible_assets": 265000000.0,
            "intangible_assets_excluding_goodwill": null,
            "goodwill": 265000000.0,
            "investments": 19964000000.0,
            "long_term_investments": 2637000000.0,
            "short_term_investments": 15931000000.0,
            "other_current_assets": 3169000000.0,
            "other_non_current_assets": 10789000000.0,
            "total_liabilities": 226048000000.0,
            "total_current_liabilities": 98334000000.0,
            "current_accounts_payable": null,
            "deferred_revenue": null,
            "current_debt": null,
            "short_term_debt": 53178000000.0,
            "total_non_current_liabilities": 40132000000.0,
            "capital_lease_obligations": 1340000000.0,
            "long_term_debt": 103213000000.0,
            "current_long_term_debt": 52851000000.0,
            "long_term_debt_non_current": null,
            "short_long_term_debt_total": 157404000000.0,
            "other_current_liabilities": 22503000000.0,
            "other_non_current_liabilities": 24032000000.0,
            "total_shareholder_equity": 36097000000.0,
            "treasury_stock": 1388000000.0,
            "retained_earnings": 22769000000.0,
            "common_stock": 41000000.0,
            "common_stock_shares_outstanding": 3984000000.0
        },
        {
            "fiscal_date_ending": "2019-09-30",
            "reported_currency": "USD",
            "total_assets": 258157000000.0,
            "total_current_assets": 115754000000.0,
            "cash_and_cash_equivalents": 20523000000.0,
            "cash_and_short_term_investments": 37331000000.0,
            "inventory": 12451000000.0,
            "current_net_receivables": 61804000000.0,
            "total_non_current_assets": 103617000000.0,
            "property_plant_equipment": 35404000000.0,
            "accumulated_depreciation_amortization_ppe": null,
            "intangible_assets": 291000000.0,
            "intangible_assets_excluding_goodwill": null,
            "goodwill": 291000000.0,
            "investments": 21073000000.0,
            "long_term_investments": 2623000000.0,
            "short_term_investments": 16808000000.0,
            "other_current_assets": 3356000000.0,
            "other_non_current_assets": 10717000000.0,
            "total_liabilities": 222770000000.0,
            "total_current_liabilities": 99087000000.0,
            "current_accounts_payable": null,
            "deferred_revenue": null,
            "current_debt": null,
            "short_term_debt": 54913000000.0,
            "total_non_current_liabilities": 39615000000.0,
            "capital_lease_obligations": 1267000000.0,
            "long_term_debt": 99507000000.0,
            "current_long_term_debt": 54604000000.0,
            "long_term_debt_non_current": null,
            "short_long_term_debt_total": 155378000000.0,
            "other_current_liabilities": 21731000000.0,
            "other_non_current_liabilities": 23729000000.0,
            "total_shareholder_equity": 35349000000.0,
            "treasury_stock": 1619000000.0,
            "retained_earnings": 22590000000.0,
            "common_stock": 41000000.0,
            "common_stock_shares_outstanding": 3970000000.0
        },
        {
            "fiscal_date_ending": "2019-12-31",
            "reported_currency": "USD",
            "total_assets": 258537000000.0,
            "total_current_assets": 114047000000.0,
            "cash_and_cash_equivalents": 17504000000.0,
            "cash_and_short_term_investments": 34651000000.0,
            "inventory": 10786000000.0,
            "current_net_receivables": 62888000000.0,
            "total_non_current_assets": 106118000000.0,
            "property_plant_equipment": 36469000000.0,
            "accumulated_depreciation_amortization_ppe": null,
            "intangible_assets": 466000000.0,
            "intangible_assets_excluding_goodwill": 188000000.0,
            "goodwill": 278000000.0,
            "investments": 128763000000.0,
            "long_term_investments": 2519000000.0,
            "short_term_investments": 17147000000.0,
            "other_current_assets": 3339000000.0,
            "other_non_current_assets": 10706000000.0,
            "total_liabilities": 225307000000.0,
            "total_current_liabilities": 98132000000.0,
            "current_accounts_payable": null,
            "deferred_revenue": 6282000000.0,
            "current_debt": 497000000.0,
            "short_term_debt": 54313000000.0,
            "total_non_current_liabilities": 48060000000.0,
            "capital_lease_obligations": 1414000000.0,
            "long_term_debt": 600000000.0,
            "current_long_term_debt": 130000000.0,
            "long_term_debt_non_current": 470000000.0,
            "short_long_term_debt_total": 600000000.0,
            "other_current_liabilities": 22987000000.0,
            "other_non_current_liabilities": 25324000000.0,
            "total_shareholder_equity": 33185000000.0,
            "treasury_stock": 1613000000.0,
            "retained_earnings": 20320000000.0,
            "common_stock": 41000000.0,
            "common_stock_shares_outstanding": 3960000000.0
        },
        {
            "fiscal_date_ending": "2020-03-31",
            "reported_currency": "USD",
            "total_assets": 264150000000.0,
            "total_current_assets": 124276000000.0,
            "cash_and_cash_equivalents": 25971000000.0,
            "cash_and_short_term_investments": 46370000000.0,
            "inventory": 11312000000.0,
            "current_net_receivables": 61514000000.0,
            "total_non_current_assets": 113659000000.0,
            "property_plant_equipment": 35294000000.0,
            "accumulated_depreciation_amortization_ppe": null,
            "intangible_assets": 278000000.0,
            "intangible_assets_excluding_goodwill": null,
            "goodwill": 278000000.0,
            "investments": 26083000000.0,
            "long_term_investments": 2275000000.0,
            "short_term_investments": 20399000000.0,
            "other_current_assets": 4380000000.0,
            "other_non_current_assets": 11728000000.0,
            "total_liabilities": 234452000000.0,
            "total_current_liabilities": 94494000000.0,
            "current_accounts_payable": null,
            "deferred_revenue": 6251000000.0,
            "current_debt": 361000000.0,
            "short_term_debt": 53273000000.0,
            "total_non_current_liabilities": 46859000000.0,
            "capital_lease_obligations": 1367000000.0,
            "long_term_debt": 114414000000.0,
            "current_long_term_debt": 361000000.0,
            "long_term_debt_non_current": null,
            "short_long_term_debt_total": 168693000000.0,
            "other_current_liabilities": 22674000000.0,
            "other_non_current_liabilities": 25105000000.0,
            "total_shareholder_equity": 29650000000.0,
            "treasury_stock": 1607000000.0,
            "retained_earnings": 17527000000.0,
            "common_stock": 41000000.0,
            "common_stock_shares_outstanding": 3963000000.0
        },
        {
            "fiscal_date_ending": "2020-06-30",
            "reported_currency": "USD",
            "total_assets": 269366000000.0,
            "total_current_assets": 124111000000.0,
            "cash_and_cash_equivalents": 30989000000.0,
            "cash_and_short_term_investments": 57130000000.0,
            "inventory": 10220000000.0,
            "current_net_receivables": 51827000000.0,
            "total_non_current_assets": 119761000000.0,
            "property_plant_equipment": 35276000000.0,
            "accumulated_depreciation_amortization_ppe": null,
            "intangible_assets": 254000000.0,
            "intangible_assets_excluding_goodwill": null,
            "goodwill": 254000000.0,
            "investments": 33999000000.0,
            "long_term_investments": 4651000000.0,
            "short_term_investments": 26141000000.0,
            "other_current_assets": 4214000000.0,
            "other_non_current_assets": 12559000000.0,
            "total_liabilities": 238511000000.0,
            "total_current_liabilities": 92780000000.0,
            "current_accounts_payable": null,
            "deferred_revenue": 6278000000.0,
            "current_debt": 339000000.0,
            "short_term_debt": 55683000000.0,
            "total_non_current_liabilities": 47149000000.0,
            "capital_lease_obligations": 1253000000.0,
            "long_term_debt": 119886000000.0,
            "current_long_term_debt": 339000000.0,
            "long_term_debt_non_current": null,
            "short_long_term_debt_total": 176483000000.0,
            "other_current_liabilities": 20792000000.0,
            "other_non_current_liabilities": 25391000000.0,
            "total_shareholder_equity": 30824000000.0,
            "treasury_stock": 1601000000.0,
            "retained_earnings": 18645000000.0,
            "common_stock": 41000000.0,
            "common_stock_shares_outstanding": 3975000000.0
        },
        {
            "fiscal_date_ending": "2020-09-30",
            "reported_currency": "USD",
            "total_assets": 259943000000.0,
            "total_current_assets": 111765000000.0,
            "cash_and_cash_equivalents": 24263000000.0,
            "cash_and_short_term_investments": 44831000000.0,
            "inventory": 10583000000.0,
            "current_net_receivables": 51961000000.0,
            "total_non_current_assets": 122342000000.0,
            "property_plant_equipment": 36118000000.0,
            "accumulated_depreciation_amortization_ppe": null,
            "intangible_assets": 258000000.0,
            "intangible_assets_excluding_goodwill": null,
            "goodwill": 258000000.0,
            "investments": 28279000000.0,
            "long_term_investments": 4741000000.0,
            "short_term_investments": 20568000000.0,
            "other_current_assets": 3714000000.0,
            "other_non_current_assets": 12858000000.0,
            "total_liabilities": 226782000000.0,
            "total_current_liabilities": 93159000000.0,
            "current_accounts_payable": null,
            "deferred_revenue": 6511000000.0,
            "current_debt": null,
            "short_term_debt": 51326000000.0,
            "total_non_current_liabilities": 48946000000.0,
            "capital_lease_obligations": 1286000000.0,
            "long_term_debt": 106280000000.0,
            "current_long_term_debt": 133267000000.0,
            "long_term_debt_non_current": null,
            "short_long_term_debt_total": 158561000000.0,
            "other_current_liabilities": 20293000000.0,
            "other_non_current_liabilities": 26826000000.0,
            "total_shareholder_equity": 33125000000.0,
            "treasury_stock": 1596000000.0,
            "retained_earnings": 21031000000.0,
            "common_stock": 41000000.0,
            "common_stock_shares_outstanding": 3976000000.0
        },
        {
            "fiscal_date_ending": "2020-12-31",
            "reported_currency": "USD",
            "total_assets": 267261000000.0,
            "total_current_assets": 116744000000.0,
            "cash_and_cash_equivalents": 25243000000.0,
            "cash_and_short_term_investments": 49961000000.0,
            "inventory": 10808000000.0,
            "current_net_receivables": 52394000000.0,
            "total_non_current_assets": 126211000000.0,
            "property_plant_equipment": 37083000000.0,
            "accumulated_depreciation_amortization_ppe": null,
            "intangible_assets": 402000000.0,
            "intangible_assets_excluding_goodwill": 144000000.0,
            "goodwill": 258000000.0,
            "investments": 131532000000.0,
            "long_term_investments": 4901000000.0,
            "short_term_investments": 24718000000.0,
            "other_current_assets": 3581000000.0,
            "other_non_current_assets": 12882000000.0,
            "total_liabilities": 236450000000.0,
            "total_current_liabilities": 97192000000.0,
            "current_accounts_payable": null,
            "deferred_revenue": 6720000000.0,
            "current_debt": 180000000.0,
            "short_term_debt": 51666000000.0,
            "total_non_current_liabilities": 52191000000.0,
            "capital_lease_obligations": 1314000000.0,
            "long_term_debt": 471000000.0,
            "current_long_term_debt": 180000000.0,
            "long_term_debt_non_current": 291000000.0,
            "short_long_term_debt_total": 471000000.0,
            "other_current_liabilities": 23645000000.0,
            "other_non_current_liabilities": 28379000000.0,
            "total_shareholder_equity": 30690000000.0,
            "treasury_stock": 1590000000.0,
            "retained_earnings": 18243000000.0,
            "common_stock": 41000000.0,
            "common_stock_shares_outstanding": 3979000000.0
        },
        {
            "fiscal_date_ending": "2021-03-31",
            "reported_currency": "USD",
            "total_assets": 260819000000.0,
            "total_current_assets": 113932000000.0,
            "cash_and_cash_equivalents": 21826000000.0,
            "cash_and_short_term_investments": 46107000000.0,
            "inventory": 12742000000.0,
            "current_net_receivables": 51112000000.0,
            "total_non_current_assets": 120782000000.0,
            "property_plant_equipment": 36361000000.0,
            "accumulated_depreciation_amortization_ppe": null,
            "intangible_assets": 566000000.0,
            "intangible_assets_excluding_goodwill": 566000000.0,
            "goodwill": 566000000.0,
            "investments": 31071000000.0,
            "long_term_investments": 4694000000.0,
            "short_term_investments": 24281000000.0,
            "other_current_assets": 3636000000.0,
            "other_non_current_assets": 13348000000.0,
            "total_liabilities": 226845000000.0,
            "total_current_liabilities": 94249000000.0,
            "current_accounts_payable": null,
            "deferred_revenue": 6612000000.0,
            "current_debt": null,
            "short_term_debt": 49800000000.0,
            "total_non_current_liabilities": 52406000000.0,
            "capital_lease_obligations": 1294000000.0,
            "long_term_debt": 103201000000.0,
            "current_long_term_debt": 49471000000.0,
            "long_term_debt_non_current": null,
            "short_long_term_debt_total": 153966000000.0,
            "other_current_liabilities": 20995000000.0,
            "other_non_current_liabilities": 28707000000.0,
            "total_shareholder_equity": 33828000000.0,
            "treasury_stock": 1585000000.0,
            "retained_earnings": 21502000000.0,
            "common_stock": 41000000.0,
            "common_stock_shares_outstanding": 3980000000.0
        },
        {
            "fiscal_date_ending": "2021-06-30",
            "reported_currency": "USD",
            "total_assets": 248532000000.0,
            "total_current_assets": 101275000000.0,
            "cash_and_cash_equivalents": 22955000000.0,
            "cash_and_short_term_investments": 41036000000.0,
            "inventory": 13593000000.0,
            "current_net_receivables": 43089000000.0,
            "total_non_current_assets": 121659000000.0,
            "property_plant_equipment": 36723000000.0,
            "accumulated_depreciation_amortization_ppe": null,
            "intangible_assets": 741000000.0,
            "intangible_assets_excluding_goodwill": 741000000.0,
            "goodwill": 741000000.0,
            "investments": 24863000000.0,
            "long_term_investments": 4582000000.0,
            "short_term_investments": 18081000000.0,
            "other_current_assets": 3557000000.0,
            "other_non_current_assets": 14283000000.0,
            "total_liabilities": 213748000000.0,
            "total_current_liabilities": 83474000000.0,
            "current_accounts_payable": null,
            "deferred_revenue": 7067000000.0,
            "current_debt": null,
            "short_term_debt": 46352000000.0,
            "total_non_current_liabilities": 52272000000.0,
            "capital_lease_obligations": 1309000000.0,
            "long_term_debt": 100905000000.0,
            "current_long_term_debt": 46012000000.0,
            "long_term_debt_non_current": null,
            "short_long_term_debt_total": 148226000000.0,
            "other_current_liabilities": 18869000000.0,
            "other_non_current_liabilities": 28586000000.0,
            "total_shareholder_equity": 34664000000.0,
            "treasury_stock": 1579000000.0,
            "retained_earnings": 22062000000.0,
            "common_stock": 41000000.0,
            "common_stock_shares_outstanding": 3992000000.0
        },
        {
            "fiscal_date_ending": "2021-09-30",
            "reported_currency": "USD",
            "total_assets": 252677000000.0,
            "total_current_assets": 106968000000.0,
            "cash_and_cash_equivalents": 27429000000.0,
            "cash_and_short_term_investments": 46426000000.0,
            "inventory": 13508000000.0,
            "current_net_receivables": 43451000000.0,
            "total_non_current_assets": 120623000000.0,
            "property_plant_equipment": 36597000000.0,
            "accumulated_depreciation_amortization_ppe": null,
            "intangible_assets": 695000000.0,
            "intangible_assets_excluding_goodwill": 695000000.0,
            "goodwill": 695000000.0,
            "investments": 25630000000.0,
            "long_term_investments": 4628000000.0,
            "short_term_investments": 18997000000.0,
            "other_current_assets": 3583000000.0,
            "other_non_current_assets": 15014000000.0,
            "total_liabilities": 215973000000.0,
            "total_current_liabilities": 89033000000.0,
            "current_accounts_payable": null,
            "deferred_revenue": 7159000000.0,
            "current_debt": null,
            "short_term_debt": 47658000000.0,
            "total_non_current_liabilities": 51957000000.0,
            "capital_lease_obligations": 1301000000.0,
            "long_term_debt": 97249000000.0,
            "current_long_term_debt": 47323000000.0,
            "long_term_debt_non_current": null,
            "short_long_term_debt_total": 145873000000.0,
            "other_current_liabilities": 18787000000.0,
            "other_non_current_liabilities": 28808000000.0,
            "total_shareholder_equity": 36593000000.0,
            "treasury_stock": 1574000000.0,
            "retained_earnings": 23894000000.0,
            "common_stock": 41000000.0,
            "common_stock_shares_outstanding": 3995000000.0
        },
        {
            "fiscal_date_ending": "2021-12-31",
            "reported_currency": "USD",
            "total_assets": 257035000000.0,
            "total_current_assets": 108996000000.0,
            "cash_and_cash_equivalents": 20540000000.0,
            "cash_and_short_term_investments": 49593000000.0,
            "inventory": 12065000000.0,
            "current_net_receivables": 43913000000.0,
            "total_non_current_assets": 123074000000.0,
            "property_plant_equipment": 37139000000.0,
            "accumulated_depreciation_amortization_ppe": null,
            "intangible_assets": 730000000.0,
            "intangible_assets_excluding_goodwill": 111000000.0,
            "goodwill": 619000000.0,
            "investments": 35188000000.0,
            "long_term_investments": 4545000000.0,
            "short_term_investments": 29053000000.0,
            "other_current_assets": 3416000000.0,
            "other_non_current_assets": 14942000000.0,
            "total_liabilities": 208413000000.0,
            "total_current_liabilities": 90727000000.0,
            "current_accounts_payable": null,
            "deferred_revenue": 7032000000.0,
            "current_debt": null,
            "short_term_debt": 50037000000.0,
            "total_non_current_liabilities": 50925000000.0,
            "capital_lease_obligations": 1393000000.0,
            "long_term_debt": 88400000000.0,
            "current_long_term_debt": 120683000000.0,
            "long_term_debt_non_current": null,
            "short_long_term_debt_total": 139485000000.0,
            "other_current_liabilities": 18686000000.0,
            "other_non_current_liabilities": 27705000000.0,
            "total_shareholder_equity": 48519000000.0,
            "treasury_stock": 1563000000.0,
            "retained_earnings": 35769000000.0,
            "common_stock": 41000000.0,
            "common_stock_shares_outstanding": 3997000000.0
        },
        {
            "fiscal_date_ending": "2022-03-31",
            "reported_currency": "USD",
            "total_assets": 252986000000.0,
            "total_current_assets": 106142000000.0,
            "cash_and_cash_equivalents": 21013000000.0,
            "cash_and_short_term_investments": 41228000000.0,
            "inventory": 14647000000.0,
            "current_net_receivables": 45806000000.0,
            "total_non_current_assets": 122393000000.0,
            "property_plant_equipment": 36625000000.0,
            "accumulated_depreciation_amortization_ppe": null,
            "intangible_assets": 617000000.0,
            "intangible_assets_excluding_goodwill": 617000000.0,
            "goodwill": 617000000.0,
            "investments": 25836000000.0,
            "long_term_investments": 4306000000.0,
            "short_term_investments": 20215000000.0,
            "other_current_assets": 3635000000.0,
            "other_non_current_assets": 15376000000.0,
            "total_liabilities": 207902000000.0,
            "total_current_liabilities": 90352000000.0,
            "current_accounts_payable": null,
            "deferred_revenue": 7192000000.0,
            "current_debt": null,
            "short_term_debt": 48637000000.0,
            "total_non_current_liabilities": 50659000000.0,
            "capital_lease_obligations": 1383000000.0,
            "long_term_debt": 87315000000.0,
            "current_long_term_debt": 48286000000.0,
            "long_term_debt_non_current": null,
            "short_long_term_debt_total": 136984000000.0,
            "other_current_liabilities": 18263000000.0,
            "other_non_current_liabilities": 28501000000.0,
            "total_shareholder_equity": 44985000000.0,
            "treasury_stock": 1564000000.0,
            "retained_earnings": 32251000000.0,
            "common_stock": 42000000.0,
            "common_stock_shares_outstanding": 4008000000.0
        },
        {
            "fiscal_date_ending": "2022-06-30",
            "reported_currency": "USD",
            "total_assets": 245755000000.0,
            "total_current_assets": 100469000000.0,
            "cash_and_cash_equivalents": 19516000000.0,
            "cash_and_short_term_investments": 36700000000.0,
            "inventory": 13976000000.0,
            "current_net_receivables": 45753000000.0,
            "total_non_current_assets": 121730000000.0,
            "property_plant_equipment": 36162000000.0,
            "accumulated_depreciation_amortization_ppe": null,
            "intangible_assets": 595000000.0,
            "intangible_assets_excluding_goodwill": 595000000.0,
            "goodwill": 595000000.0,
            "investments": 22423000000.0,
            "long_term_investments": 4196000000.0,
            "short_term_investments": 17184000000.0,
            "other_current_assets": 3335000000.0,
            "other_non_current_assets": 15607000000.0,
            "total_liabilities": 201518000000.0,
            "total_current_liabilities": 86452000000.0,
            "current_accounts_payable": null,
            "deferred_revenue": 7318000000.0,
            "current_debt": null,
            "short_term_debt": 44171000000.0,
            "total_non_current_liabilities": 50241000000.0,
            "capital_lease_obligations": 1407000000.0,
            "long_term_debt": 85008000000.0,
            "current_long_term_debt": 43819000000.0,
            "long_term_debt_non_current": null,
            "short_long_term_debt_total": 130234000000.0,
            "other_current_liabilities": 18895000000.0,
            "other_non_current_liabilities": 28221000000.0,
            "total_shareholder_equity": 44169000000.0,
            "treasury_stock": 1564000000.0,
            "retained_earnings": 32511000000.0,
            "common_stock": 42000000.0,
            "common_stock_shares_outstanding": 4021000000.0
        },
        {
            "fiscal_date_ending": "2022-09-30",
            "reported_currency": "USD",
            "total_assets": 246919000000.0,
            "total_current_assets": 108088000000.0,
            "cash_and_cash_equivalents": 21548000000.0,
            "cash_and_short_term_investments": 40173000000.0,
            "inventory": 15213000000.0,
            "current_net_receivables": 48666000000.0,
            "total_non_current_assets": 115851000000.0,
            "property_plant_equipment": 35529000000.0,
            "accumulated_depreciation_amortization_ppe": null,
            "intangible_assets": 575000000.0,
            "intangible_assets_excluding_goodwill": 575000000.0,
            "goodwill": 575000000.0,
            "investments": 21181000000.0,
            "long_term_investments": 2556000000.0,
            "short_term_investments": 18625000000.0,
            "other_current_assets": 3936000000.0,
            "other_non_current_assets": 14359000000.0,
            "total_liabilities": 204830000000.0,
            "total_current_liabilities": 90167000000.0,
            "current_accounts_payable": null,
            "deferred_revenue": 7142000000.0,
            "current_debt": null,
            "short_term_debt": 44430000000.0,
            "total_non_current_liabilities": 50635000000.0,
            "capital_lease_obligations": 1436000000.0,
            "long_term_debt": 84279000000.0,
            "current_long_term_debt": 44050000000.0,
            "long_term_debt_non_current": null,
            "short_long_term_debt_total": 129765000000.0,
            "other_current_liabilities": 19066000000.0,
            "other_non_current_liabilities": 28591000000.0,
            "total_shareholder_equity": 42125000000.0,
            "treasury_stock": 1564000000.0,
            "retained_earnings": 31072000000.0,
            "common_stock": 42000000.0,
            "common_stock_shares_outstanding": 4021000000.0
        },
        {
            "fiscal_date_ending": "2022-12-31",
            "reported_currency": "USD",
            "total_assets": 255884000000.0,
            "total_current_assets": 116476000000.0,
            "cash_and_cash_equivalents": 25134000000.0,
            "cash_and_short_term_investments": 44070000000.0,
            "inventory": 14080000000.0,
            "current_net_receivables": 54449000000.0,
            "total_non_current_assets": 119454000000.0,
            "property_plant_equipment": 37265000000.0,
            "accumulated_depreciation_amortization_ppe": null,
            "intangible_assets": 689000000.0,
            "intangible_assets_excluding_goodwill": 86000000.0,
            "goodwill": 603000000.0,
            "investments": 21734000000.0,
            "long_term_investments": 2798000000.0,
            "short_term_investments": 18936000000.0,
            "other_current_assets": 3877000000.0,
            "other_non_current_assets": 11118000000.0,
            "total_liabilities": 212717000000.0,
            "total_current_liabilities": 96866000000.0,
            "current_accounts_payable": null,
            "deferred_revenue": 7287000000.0,
            "current_debt": null,
            "short_term_debt": 50568000000.0,
            "total_non_current_liabilities": 45367000000.0,
            "capital_lease_obligations": 1505000000.0,
            "long_term_debt": 88805000000.0,
            "current_long_term_debt": 50164000000.0,
            "long_term_debt_non_current": null,
            "short_long_term_debt_total": 140474000000.0,
            "other_current_liabilities": 21097000000.0,
            "other_non_current_liabilities": 25497000000.0,
            "total_shareholder_equity": 43242000000.0,
            "treasury_stock": 2047000000.0,
            "retained_earnings": 31754000000.0,
            "common_stock": 42000000.0,
            "common_stock_shares_outstanding": 4005000000.0
        },
        {
            "fiscal_date_ending": "2023-03-31",
            "reported_currency": "USD",
            "total_assets": 256800000000.0,
            "total_current_assets": 115123000000.0,
            "cash_and_cash_equivalents": 22144000000.0,
            "cash_and_short_term_investments": 39513000000.0,
            "inventory": 16212000000.0,
            "current_net_receivables": 55270000000.0,
            "total_non_current_assets": 120278000000.0,
            "property_plant_equipment": 37970000000.0,
            "accumulated_depreciation_amortization_ppe": null,
            "intangible_assets": 609000000.0,
            "intangible_assets_excluding_goodwill": 609000000.0,
            "goodwill": 609000000.0,
            "investments": 20817000000.0,
            "long_term_investments": 3448000000.0,
            "short_term_investments": 17369000000.0,
            "other_current_assets": 4128000000.0,
            "other_non_current_assets": 11595000000.0,
            "total_liabilities": 214603000000.0,
            "total_current_liabilities": 95905000000.0,
            "current_accounts_payable": null,
            "deferred_revenue": 7417000000.0,
            "current_debt": null,
            "short_term_debt": 48248000000.0,
            "total_non_current_liabilities": 43877000000.0,
            "capital_lease_obligations": 1399000000.0,
            "long_term_debt": 91242000000.0,
            "current_long_term_debt": 48050000000.0,
            "long_term_debt_non_current": null,
            "short_long_term_debt_total": 140691000000.0,
            "other_current_liabilities": 21827000000.0,
            "other_non_current_liabilities": 25908000000.0,
            "total_shareholder_equity": 42366000000.0,
            "treasury_stock": 2047000000.0,
            "retained_earnings": 30270000000.0,
            "common_stock": 42000000.0,
            "common_stock_shares_outstanding": 3990000000.0
        },
        {
            "fiscal_date_ending": "2023-06-30",
            "reported_currency": "USD",
            "total_assets": 265991000000.0,
            "total_current_assets": 121712000000.0,
            "cash_and_cash_equivalents": 26406000000.0,
            "cash_and_short_term_investments": 42821000000.0,
            "inventory": 17703000000.0,
            "current_net_receivables": 57039000000.0,
            "total_non_current_assets": 123225000000.0,
            "property_plant_equipment": 38503000000.0,
            "accumulated_depreciation_amortization_ppe": null,
            "intangible_assets": 608000000.0,
            "intangible_assets_excluding_goodwill": 608000000.0,
            "goodwill": 608000000.0,
            "investments": 19993000000.0,
            "long_term_investments": 3578000000.0,
            "short_term_investments": 16415000000.0,
            "other_current_assets": 4149000000.0,
            "other_non_current_assets": 12109000000.0,
            "total_liabilities": 222385000000.0,
            "total_current_liabilities": 101015000000.0,
            "current_accounts_payable": null,
            "deferred_revenue": 7556000000.0,
            "current_debt": null,
            "short_term_debt": 49754000000.0,
            "total_non_current_liabilities": 44123000000.0,
            "capital_lease_obligations": 1614000000.0,
            "long_term_debt": 93895000000.0,
            "current_long_term_debt": 49341000000.0,
            "long_term_debt_non_current": null,
            "short_long_term_debt_total": 144850000000.0,
            "other_current_liabilities": 23925000000.0,
            "other_non_current_liabilities": 25754000000.0,
            "total_shareholder_equity": 43677000000.0,
            "treasury_stock": 2047000000.0,
            "retained_earnings": 31577000000.0,
            "common_stock": 42000000.0,
            "common_stock_shares_outstanding": 4003000000.0
        },
        {
            "fiscal_date_ending": "2023-09-30",
            "reported_currency": "USD",
            "total_assets": 268073000000.0,
            "total_current_assets": 121361000000.0,
            "cash_and_cash_equivalents": 26427000000.0,
            "cash_and_short_term_investments": 41115000000.0,
            "inventory": 18326000000.0,
            "current_net_receivables": 57701000000.0,
            "total_non_current_assets": 125894000000.0,
            "property_plant_equipment": 39370000000.0,
            "accumulated_depreciation_amortization_ppe": null,
            "intangible_assets": 597000000.0,
            "intangible_assets_excluding_goodwill": 597000000.0,
            "goodwill": 597000000.0,
            "investments": 19091000000.0,
            "long_term_investments": 4403000000.0,
            "short_term_investments": 14688000000.0,
            "other_current_assets": 4219000000.0,
            "other_non_current_assets": 12428000000.0,
            "total_liabilities": 223797000000.0,
            "total_current_liabilities": 100268000000.0,
            "current_accounts_payable": null,
            "deferred_revenue": 7692000000.0,
            "current_debt": null,
            "short_term_debt": 49111000000.0,
            "total_non_current_liabilities": 46543000000.0,
            "capital_lease_obligations": 1880000000.0,
            "long_term_debt": 94024000000.0,
            "current_long_term_debt": 48638000000.0,
            "long_term_debt_non_current": null,
            "short_long_term_debt_total": 144542000000.0,
            "other_current_liabilities": 23817000000.0,
            "other_non_current_liabilities": 27851000000.0,
            "total_shareholder_equity": 44263000000.0,
            "treasury_stock": 2047000000.0,
            "retained_earnings": 32169000000.0,
            "common_stock": 42000000.0,
            "common_stock_shares_outstanding": 4004000000.0
        },
        {
            "fiscal_date_ending": "2023-12-31",
            "reported_currency": "USD",
            "total_assets": 273310000000.0,
            "total_current_assets": 121481000000.0,
            "cash_and_cash_equivalents": 24862000000.0,
            "cash_and_short_term_investments": 40171000000.0,
            "inventory": 15651000000.0,
            "current_net_receivables": 62026000000.0,
            "total_non_current_assets": 133824000000.0,
            "property_plant_equipment": 40821000000.0,
            "accumulated_depreciation_amortization_ppe": null,
            "intangible_assets": 763000000.0,
            "intangible_assets_excluding_goodwill": 80000000.0,
            "goodwill": 683000000.0,
            "investments": 20857000000.0,
            "long_term_investments": 5548000000.0,
            "short_term_investments": 15309000000.0,
            "other_current_assets": 3633000000.0,
            "other_non_current_assets": 11441000000.0,
            "total_liabilities": 230512000000.0,
            "total_current_liabilities": 101531000000.0,
            "current_accounts_payable": null,
            "deferred_revenue": 7566000000.0,
            "current_debt": null,
            "short_term_debt": 50150000000.0,
            "total_non_current_liabilities": 48750000000.0,
            "capital_lease_obligations": 1876000000.0,
            "long_term_debt": 99562000000.0,
            "current_long_term_debt": 49669000000.0,
            "long_term_debt_non_current": null,
            "short_long_term_debt_total": 151107000000.0,
            "other_current_liabilities": 25870000000.0,
            "other_non_current_liabilities": 28414000000.0,
            "total_shareholder_equity": 42773000000.0,
            "treasury_stock": 2384000000.0,
            "retained_earnings": 31029000000.0,
            "common_stock": 42000000.0,
            "common_stock_shares_outstanding": 3995000000.0
        },
        {
            "fiscal_date_ending": "2024-03-31",
            "reported_currency": "USD",
            "total_assets": 274341000000.0,
            "total_current_assets": 120595000000.0,
            "cash_and_cash_equivalents": 19721000000.0,
            "cash_and_short_term_investments": 34463000000.0,
            "inventory": 18632000000.0,
            "current_net_receivables": 63298000000.0,
            "total_non_current_assets": 132628000000.0,
            "property_plant_equipment": 40515000000.0,
            "accumulated_depreciation_amortization_ppe": null,
            "intangible_assets": null,
            "intangible_assets_excluding_goodwill": null,
            "goodwill": null,
            "investments": 21078000000.0,
            "long_term_investments": 6336000000.0,
            "short_term_investments": 14742000000.0,
            "other_current_assets": 4202000000.0,
            "other_non_current_assets": 12066000000.0,
            "total_liabilities": 231444000000.0,
            "total_current_liabilities": 103206000000.0,
            "current_accounts_payable": null,
            "deferred_revenue": 7766000000.0,
            "current_debt": null,
            "short_term_debt": 50288000000.0,
            "total_non_current_liabilities": 46162000000.0,
            "capital_lease_obligations": 2008000000.0,
            "long_term_debt": 99625000000.0,
            "current_long_term_debt": 49790000000.0,
            "long_term_debt_non_current": null,
            "short_long_term_debt_total": 151129000000.0,
            "other_current_liabilities": 26032000000.0,
            "other_non_current_liabilities": 27724000000.0,
            "total_shareholder_equity": 42870000000.0,
            "treasury_stock": 2384000000.0,
            "retained_earnings": 31019000000.0,
            "common_stock": 42000000.0,
            "common_stock_shares_outstanding": 3979000000.0
        },
        {
            "fiscal_date_ending": "2024-06-30",
            "reported_currency": "USD",
            "total_assets": 276586000000.0,
            "total_current_assets": 120518000000.0,
            "cash_and_cash_equivalents": 19953000000.0,
            "cash_and_short_term_investments": 34566000000.0,
            "inventory": 17183000000.0,
            "current_net_receivables": 64236000000.0,
            "total_non_current_assets": 134523000000.0,
            "property_plant_equipment": 40709000000.0,
            "accumulated_depreciation_amortization_ppe": null,
            "intangible_assets": null,
            "intangible_assets_excluding_goodwill": null,
            "goodwill": null,
            "investments": 21828000000.0,
            "long_term_investments": 7215000000.0,
            "short_term_investments": 14613000000.0,
            "other_current_assets": 4533000000.0,
            "other_non_current_assets": 11972000000.0,
            "total_liabilities": 232991000000.0,
            "total_current_liabilities": 103403000000.0,
            "current_accounts_payable": null,
            "deferred_revenue": 8058000000.0,
            "current_debt": null,
            "short_term_debt": 51070000000.0,
            "total_non_current_liabilities": 46242000000.0,
            "capital_lease_obligations": 1994000000.0,
            "long_term_debt": 100336000000.0,
            "current_long_term_debt": 50565000000.0,
            "long_term_debt_non_current": null,
            "short_long_term_debt_total": 152895000000.0,
            "other_current_liabilities": 27380000000.0,
            "other_non_current_liabilities": 28289000000.0,
            "total_shareholder_equity": 43567000000.0,
            "treasury_stock": 2628000000.0,
            "retained_earnings": 32240000000.0,
            "common_stock": 42000000.0,
            "common_stock_shares_outstanding": 3985000000.0
        },
        {
            "fiscal_date_ending": "2024-09-30",
            "reported_currency": "USD",
            "total_assets": 287047000000.0,
            "total_current_assets": 125099000000.0,
            "cash_and_cash_equivalents": 23449000000.0,
            "cash_and_short_term_investments": 36905000000.0,
            "inventory": 18025000000.0,
            "current_net_receivables": 65809000000.0,
            "total_non_current_assets": 139559000000.0,
            "property_plant_equipment": 41169000000.0,
            "accumulated_depreciation_amortization_ppe": null,
            "intangible_assets": null,
            "intangible_assets_excluding_goodwill": null,
            "goodwill": null,
            "investments": 21485000000.0,
            "long_term_investments": 8029000000.0,
            "short_term_investments": 13456000000.0,
            "other_current_assets": 4360000000.0,
            "other_non_current_assets": 13256000000.0,
            "total_liabilities": 242708000000.0,
            "total_current_liabilities": 109036000000.0,
            "current_accounts_payable": null,
            "deferred_revenue": 8373000000.0,
            "current_debt": null,
            "short_term_debt": 53771000000.0,
            "total_non_current_liabilities": 47089000000.0,
            "capital_lease_obligations": 1764000000.0,
            "long_term_debt": 103694000000.0,
            "current_long_term_debt": 53564000000.0,
            "long_term_debt_non_current": null,
            "short_long_term_debt_total": 159022000000.0,
            "other_current_liabilities": 28048000000.0,
            "other_non_current_liabilities": 28977000000.0,
            "total_shareholder_equity": 44315000000.0,
            "treasury_stock": 2660000000.0,
            "retained_earnings": 32525000000.0,
            "common_stock": 42000000.0,
            "common_stock_shares_outstanding": 3976000000.0
        },
        {
            "fiscal_date_ending": "2024-12-31",
            "reported_currency": "USD",
            "total_assets": 285196000000.0,
            "total_current_assets": 124474000000.0,
            "cash_and_cash_equivalents": 22935000000.0,
            "cash_and_short_term_investments": 38348000000.0,
            "inventory": 14951000000.0,
            "current_net_receivables": 66573000000.0,
            "total_non_current_assets": 141798000000.0,
            "property_plant_equipment": 41928000000.0,
            "accumulated_depreciation_amortization_ppe": null,
            "intangible_assets": 727000000.0,
            "intangible_assets_excluding_goodwill": 69000000.0,
            "goodwill": 658000000.0,
            "investments": 22234000000.0,
            "long_term_investments": 6821000000.0,
            "short_term_investments": 15413000000.0,
            "other_current_assets": 4602000000.0,
            "other_non_current_assets": 12865000000.0,
            "total_liabilities": 240338000000.0,
            "total_current_liabilities": 106859000000.0,
            "current_accounts_payable": null,
            "deferred_revenue": 8241000000.0,
            "current_debt": null,
            "short_term_debt": 55507000000.0,
            "total_non_current_liabilities": 46854000000.0,
            "capital_lease_obligations": 2340000000.0,
            "long_term_debt": 103573000000.0,
            "current_long_term_debt": 54949000000.0,
            "long_term_debt_non_current": null,
            "short_long_term_debt_total": 160862000000.0,
            "other_current_liabilities": 27782000000.0,
            "other_non_current_liabilities": 28832000000.0,
            "total_shareholder_equity": 44835000000.0,
            "treasury_stock": 2810000000.0,
            "retained_earnings": 33740000000.0,
            "common_stock": 42000000.0,
            "common_stock_shares_outstanding": 3972000000.0
        }
    ],
    "total_quarters": 63,
    "date_range": {
        "start": "2009-06-30",
        "end": "2024-12-31"
    }
}