{
    "symbol": "IBM",
    "quarterly_reports": [
        {
            "fiscal_date_ending": "2009-06-30",
            "reported_currency": "USD",
            "total_assets": 103655000000.0,
            "total_current_assets": 44435000000.0,
            "cash_and_cash_equivalents": 11678000000.0,
            "cash_and_short_term_investments": 12526000000.0,
            "inventory": 2691000000.0,
            "current_net_receivables": 9561000000.0,
            "total_non_current_assets": 49022000000.0,
            "property_plant_equipment": 13948000000.0,
            "accumulated_depreciation_amortization_ppe": 24721000000.0,
            "intangible_assets": 21317000000.0,
            "intangible_assets_excluding_goodwill": 2580000000.0,
            "goodwill": 18737000000.0,
            "investments": null,
            "long_term_investments": null,
            "short_term_investments": 848000000.0,
            "other_current_assets": 1000000.0,
            "other_non_current_assets": 4813000000.0,
            "total_liabilities": 88182000000.0,
            "total_current_liabilities": 36430000000.0,
            "current_accounts_payable": 5869000000.0,
            "deferred_revenue": null,
            "current_debt": 8504000000.0,
            "short_term_debt": 8504000000.0,
            "total_non_current_liabilities": 51751000000.0,
            "capital_lease_obligations": null,
            "long_term_debt": 20868000000.0,
            "current_long_term_debt": null,
            "long_term_debt_non_current": null,
            "short_long_term_debt_total": 29372000000.0,
            "other_current_liabilities": 5562000000.0,
            "other_non_current_liabilities": 9141000000.0,
            "total_shareholder_equity": 15380000000.0,
            "treasury_stock": 77679000000.0,
            "retained_earnings": 74328000000.0,
            "common_stock": 39774000000.0,
            "common_stock_shares_outstanding": 1326100000.0
        },
        {
            "fiscal_date_ending": "2009-09-30",
            "reported_currency": "USD",
            "total_assets": 103675000000.0,
            "total_current_assets": 43446000000.0,
            "cash_and_cash_equivalents": 9532000000.0,
            "cash_and_short_term_investments": 11512000000.0,
            "inventory": 2546000000.0,
            "current_net_receivables": 9426000000.0,
            "total_non_current_assets": 50000000000.0,
            "property_plant_equipment": 14189000000.0,
            "accumulated_depreciation_amortization_ppe": 25600000000.0,
            "intangible_assets": 21708000000.0,
            "intangible_assets_excluding_goodwill": 2436000000.0,
            "goodwill": 19272000000.0,
            "investments": null,
            "long_term_investments": null,
            "short_term_investments": 1980000000.0,
            "other_current_assets": 5766000000.0,
            "other_non_current_assets": 5051000000.0,
            "total_liabilities": 85182000000.0,
            "total_current_liabilities": 32960000000.0,
            "current_accounts_payable": 6145000000.0,
            "deferred_revenue": null,
            "current_debt": 4885000000.0,
            "short_term_debt": 4885000000.0,
            "total_non_current_liabilities": 52221000000.0,
            "capital_lease_obligations": null,
            "long_term_debt": 20583000000.0,
            "current_long_term_debt": null,
            "long_term_debt_non_current": null,
            "short_long_term_debt_total": 25468000000.0,
            "other_current_liabilities": 5704000000.0,
            "other_non_current_liabilities": 9863000000.0,
            "total_shareholder_equity": 18396000000.0,
            "treasury_stock": 78411000000.0,
            "retained_earnings": 76812000000.0,
            "common_stock": 40482000000.0,
            "common_stock_shares_outstanding": 1319900000.0
        },
        {
            "fiscal_date_ending": "2009-12-31",
            "reported_currency": "USD",
            "total_assets": 109022000000.0,
            "total_current_assets": 48935000000.0,
            "cash_and_cash_equivalents": 12183000000.0,
            "cash_and_short_term_investments": 13974000000.0,
            "inventory": 2494000000.0,
            "current_net_receivables": 10736000000.0,
            "total_non_current_assets": 49443000000.0,
            "property_plant_equipment": 14165000000.0,
            "accumulated_depreciation_amortization_ppe": 25431000000.0,
            "intangible_assets": 22703000000.0,
            "intangible_assets_excluding_goodwill": 2513000000.0,
            "goodwill": 20190000000.0,
            "investments": null,
            "long_term_investments": null,
            "short_term_investments": 1791000000.0,
            "other_current_assets": -1000000.0,
            "other_non_current_assets": 5379000000.0,
            "total_liabilities": 86267000000.0,
            "total_current_liabilities": 36002000000.0,
            "current_accounts_payable": 7436000000.0,
            "deferred_revenue": null,
            "current_debt": 4168000000.0,
            "short_term_debt": 4168000000.0,
            "total_non_current_liabilities": 50266000000.0,
            "capital_lease_obligations": null,
            "long_term_debt": 24154000000.0,
            "current_long_term_debt": 2222000000.0,
            "long_term_debt_non_current": null,
            "short_long_term_debt_total": 26100000000.0,
            "other_current_liabilities": 5223000000.0,
            "other_non_current_liabilities": 8819000000.0,
            "total_shareholder_equity": 22637000000.0,
            "treasury_stock": 81243000000.0,
            "retained_earnings": 80900000000.0,
            "common_stock": 41810000000.0,
            "common_stock_shares_outstanding": 1318329640.0
        },
        {
            "fiscal_date_ending": "2010-03-31",
            "reported_currency": "USD",
            "total_assets": 105208000000.0,
            "total_current_assets": 45697000000.0,
            "cash_and_cash_equivalents": 12472000000.0,
            "cash_and_short_term_investments": 13977000000.0,
            "inventory": 2524000000.0,
            "current_net_receivables": 9324000000.0,
            "total_non_current_assets": 49968000000.0,
            "property_plant_equipment": 13841000000.0,
            "accumulated_depreciation_amortization_ppe": 25178000000.0,
            "intangible_assets": 23507000000.0,
            "intangible_assets_excluding_goodwill": 2618000000.0,
            "goodwill": 20889000000.0,
            "investments": null,
            "long_term_investments": null,
            "short_term_investments": 1505000000.0,
            "other_current_assets": -1000000.0,
            "other_non_current_assets": 5794000000.0,
            "total_liabilities": 83059000000.0,
            "total_current_liabilities": 34575000000.0,
            "current_accounts_payable": 6345000000.0,
            "deferred_revenue": null,
            "current_debt": 5014000000.0,
            "short_term_debt": 5014000000.0,
            "total_non_current_liabilities": 48483000000.0,
            "capital_lease_obligations": null,
            "long_term_debt": 21305000000.0,
            "current_long_term_debt": null,
            "long_term_debt_non_current": null,
            "short_long_term_debt_total": 26319000000.0,
            "other_current_liabilities": 5285000000.0,
            "other_non_current_liabilities": 8506000000.0,
            "total_shareholder_equity": 22033000000.0,
            "treasury_stock": 85238000000.0,
            "retained_earnings": 82783000000.0,
            "common_stock": 42665000000.0,
            "common_stock_shares_outstanding": 1301200000.0
        },
        {
            "fiscal_date_ending": "2010-06-30",
            "reported_currency": "USD",
            "total_assets": 103420000000.0,
            "total_current_assets": 44895000000.0,
            "cash_and_cash_equivalents": 10325000000.0,
            "cash_and_short_term_investments": 12241000000.0,
            "inventory": 2595000000.0,
            "current_net_receivables": 9051000000.0,
            "total_non_current_assets": 49339000000.0,
            "property_plant_equipment": 13534000000.0,
            "accumulated_depreciation_amortization_ppe": 24758000000.0,
            "intangible_assets": 23070000000.0,
            "intangible_assets_excluding_goodwill": 2526000000.0,
            "goodwill": 20544000000.0,
            "investments": null,
            "long_term_investments": null,
            "short_term_investments": 1916000000.0,
            "other_current_assets": -1000000.0,
            "other_non_current_assets": 6038000000.0,
            "total_liabilities": 82244000000.0,
            "total_current_liabilities": 34993000000.0,
            "current_accounts_payable": 7233000000.0,
            "deferred_revenue": null,
            "current_debt": 5633000000.0,
            "short_term_debt": 5633000000.0,
            "total_non_current_liabilities": 47627000000.0,
            "capital_lease_obligations": null,
            "long_term_debt": 21017000000.0,
            "current_long_term_debt": null,
            "long_term_debt_non_current": null,
            "short_long_term_debt_total": 26650000000.0,
            "other_current_liabilities": 4539000000.0,
            "other_non_current_liabilities": 8295000000.0,
            "total_shareholder_equity": 21059000000.0,
            "treasury_stock": 89276000000.0,
            "retained_earnings": 85323000000.0,
            "common_stock": 43522000000.0,
            "common_stock_shares_outstanding": 1278600000.0
        },
        {
            "fiscal_date_ending": "2010-09-30",
            "reported_currency": "USD",
            "total_assets": 107174000000.0,
            "total_current_assets": 44469000000.0,
            "cash_and_cash_equivalents": 9859000000.0,
            "cash_and_short_term_investments": 11086000000.0,
            "inventory": 2629000000.0,
            "current_net_receivables": 9717000000.0,
            "total_non_current_assets": 53257000000.0,
            "property_plant_equipment": 14009000000.0,
            "accumulated_depreciation_amortization_ppe": 25927000000.0,
            "intangible_assets": 25750000000.0,
            "intangible_assets_excluding_goodwill": 3047000000.0,
            "goodwill": 22703000000.0,
            "investments": null,
            "long_term_investments": null,
            "short_term_investments": 1227000000.0,
            "other_current_assets": 1000000.0,
            "other_non_current_assets": 6166000000.0,
            "total_liabilities": 84815000000.0,
            "total_current_liabilities": 35443000000.0,
            "current_accounts_payable": 7084000000.0,
            "deferred_revenue": null,
            "current_debt": 5556000000.0,
            "short_term_debt": 5556000000.0,
            "total_non_current_liabilities": 49794000000.0,
            "capital_lease_obligations": null,
            "long_term_debt": 21899000000.0,
            "current_long_term_debt": null,
            "long_term_debt_non_current": null,
            "short_long_term_debt_total": 27455000000.0,
            "other_current_liabilities": 4745000000.0,
            "other_non_current_liabilities": 8842000000.0,
            "total_shareholder_equity": 22238000000.0,
            "treasury_stock": 92707000000.0,
            "retained_earnings": 88095000000.0,
            "common_stock": 44328000000.0,
            "common_stock_shares_outstanding": 1255200000.0
        },
        {
            "fiscal_date_ending": "2010-12-31",
            "reported_currency": "USD",
            "total_assets": 113452000000.0,
            "total_current_assets": 48116000000.0,
            "cash_and_cash_equivalents": 10661000000.0,
            "cash_and_short_term_investments": 11651000000.0,
            "inventory": 2450000000.0,
            "current_net_receivables": 10834000000.0,
            "total_non_current_assets": 56114000000.0,
            "property_plant_equipment": 14096000000.0,
            "accumulated_depreciation_amortization_ppe": 26193000000.0,
            "intangible_assets": 28624000000.0,
            "intangible_assets_excluding_goodwill": 3488000000.0,
            "goodwill": 25136000000.0,
            "investments": null,
            "long_term_investments": null,
            "short_term_investments": 990000000.0,
            "other_current_assets": 5790000000.0,
            "other_non_current_assets": 5778000000.0,
            "total_liabilities": 90279000000.0,
            "total_current_liabilities": 40562000000.0,
            "current_accounts_payable": 7804000000.0,
            "deferred_revenue": null,
            "current_debt": 6778000000.0,
            "short_term_debt": 6778000000.0,
            "total_non_current_liabilities": 54524000000.0,
            "capital_lease_obligations": null,
            "long_term_debt": 25863000000.0,
            "current_long_term_debt": 4017000000.0,
            "long_term_debt_non_current": 21846000000.0,
            "short_long_term_debt_total": 28624000000.0,
            "other_current_liabilities": 5156000000.0,
            "other_non_current_liabilities": 8226000000.0,
            "total_shareholder_equity": 23046000000.0,
            "treasury_stock": 96161000000.0,
            "retained_earnings": 92532000000.0,
            "common_stock": 45418000000.0,
            "common_stock_shares_outstanding": 1227993544.0
        },
        {
            "fiscal_date_ending": "2011-03-31",
            "reported_currency": "USD",
            "total_assets": 112960000000.0,
            "total_current_assets": 47524000000.0,
            "cash_and_cash_equivalents": 12763000000.0,
            "cash_and_short_term_investments": 13245000000.0,
            "inventory": 2549000000.0,
            "current_net_receivables": 10148000000.0,
            "total_non_current_assets": 55184000000.0,
            "property_plant_equipment": 14208000000.0,
            "accumulated_depreciation_amortization_ppe": 26557000000.0,
            "intangible_assets": 28732000000.0,
            "intangible_assets_excluding_goodwill": 3324000000.0,
            "goodwill": 25408000000.0,
            "investments": null,
            "long_term_investments": null,
            "short_term_investments": 482000000.0,
            "other_current_assets": 1000000.0,
            "other_non_current_assets": 5380000000.0,
            "total_liabilities": 90185000000.0,
            "total_current_liabilities": 40387000000.0,
            "current_accounts_payable": 6747000000.0,
            "deferred_revenue": null,
            "current_debt": 8508000000.0,
            "short_term_debt": 8508000000.0,
            "total_non_current_liabilities": 50224000000.0,
            "capital_lease_obligations": null,
            "long_term_debt": 21748000000.0,
            "current_long_term_debt": null,
            "long_term_debt_non_current": null,
            "short_long_term_debt_total": 30257000000.0,
            "other_current_liabilities": 5336000000.0,
            "other_non_current_liabilities": 8330000000.0,
            "total_shareholder_equity": 22671000000.0,
            "treasury_stock": 100078000000.0,
            "retained_earnings": 94590000000.0,
            "common_stock": 46278000000.0,
            "common_stock_shares_outstanding": 1222200000.0
        },
        {
            "fiscal_date_ending": "2011-06-30",
            "reported_currency": "USD",
            "total_assets": 113474000000.0,
            "total_current_assets": 46937000000.0,
            "cash_and_cash_equivalents": 11714000000.0,
            "cash_and_short_term_investments": 11764000000.0,
            "inventory": 2573000000.0,
            "current_net_receivables": 25254000000.0,
            "total_non_current_assets": 66536000000.0,
            "property_plant_equipment": 14239000000.0,
            "accumulated_depreciation_amortization_ppe": 26887000000.0,
            "intangible_assets": 28814000000.0,
            "intangible_assets_excluding_goodwill": 3205000000.0,
            "goodwill": 25609000000.0,
            "investments": 50000000.0,
            "long_term_investments": 10422000000.0,
            "short_term_investments": 50000000.0,
            "other_current_assets": 6219000000.0,
            "other_non_current_assets": 5329000000.0,
            "total_liabilities": 90263000000.0,
            "total_current_liabilities": 39843000000.0,
            "current_accounts_payable": 7112000000.0,
            "deferred_revenue": null,
            "current_debt": 7858000000.0,
            "short_term_debt": 7858000000.0,
            "total_non_current_liabilities": 50862000000.0,
            "capital_lease_obligations": null,
            "long_term_debt": 21915000000.0,
            "current_long_term_debt": null,
            "long_term_debt_non_current": null,
            "short_long_term_debt_total": 29773000000.0,
            "other_current_liabilities": 5144000000.0,
            "other_non_current_liabilities": 8851000000.0,
            "total_shareholder_equity": 23127000000.0,
            "treasury_stock": 104073000000.0,
            "retained_earnings": 97334000000.0,
            "common_stock": 46975000000.0,
            "common_stock_shares_outstanding": 1204800000.0
        },
        {
            "fiscal_date_ending": "2011-09-30",
            "reported_currency": "USD",
            "total_assets": 110158000000.0,
            "total_current_assets": 45373000000.0,
            "cash_and_cash_equivalents": 11303000000.0,
            "cash_and_short_term_investments": 11303000000.0,
            "inventory": 2663000000.0,
            "current_net_receivables": 23864000000.0,
            "total_non_current_assets": 64786000000.0,
            "property_plant_equipment": 13887000000.0,
            "accumulated_depreciation_amortization_ppe": 26252000000.0,
            "intangible_assets": 27946000000.0,
            "intangible_assets_excluding_goodwill": 3033000000.0,
            "goodwill": 24913000000.0,
            "investments": null,
            "long_term_investments": 9830000000.0,
            "short_term_investments": null,
            "other_current_assets": 1000000.0,
            "other_non_current_assets": 5422000000.0,
            "total_liabilities": 87781000000.0,
            "total_current_liabilities": 36028000000.0,
            "current_accounts_payable": 7093000000.0,
            "deferred_revenue": null,
            "current_debt": 6071000000.0,
            "short_term_debt": 6071000000.0,
            "total_non_current_liabilities": 52163000000.0,
            "capital_lease_obligations": null,
            "long_term_debt": 24089000000.0,
            "current_long_term_debt": null,
            "long_term_debt_non_current": null,
            "short_long_term_debt_total": 30160000000.0,
            "other_current_liabilities": 4426000000.0,
            "other_non_current_liabilities": 8654000000.0,
            "total_shareholder_equity": 22291000000.0,
            "treasury_stock": 107434000000.0,
            "retained_earnings": 100266000000.0,
            "common_stock": 47558000000.0,
            "common_stock_shares_outstanding": 1188600000.0
        },
        {
            "fiscal_date_ending": "2011-12-31",
            "reported_currency": "USD",
            "total_assets": 116433000000.0,
            "total_current_assets": 50928000000.0,
            "cash_and_cash_equivalents": 11922000000.0,
            "cash_and_short_term_investments": 11922000000.0,
            "inventory": 2595000000.0,
            "current_net_receivables": 28080000000.0,
            "total_non_current_assets": 66929000000.0,
            "property_plant_equipment": 13883000000.0,
            "accumulated_depreciation_amortization_ppe": 26241000000.0,
            "intangible_assets": 29605000000.0,
            "intangible_assets_excluding_goodwill": 3392000000.0,
            "goodwill": 26213000000.0,
            "investments": 884000000.0,
            "long_term_investments": 131000000.0,
            "short_term_investments": 0.0,
            "other_current_assets": 6850000000.0,
            "other_non_current_assets": 4895000000.0,
            "total_liabilities": 96197000000.0,
            "total_current_liabilities": 42123000000.0,
            "current_accounts_payable": 8517000000.0,
            "deferred_revenue": null,
            "current_debt": 8463000000.0,
            "short_term_debt": 8463000000.0,
            "total_non_current_liabilities": 59703000000.0,
            "capital_lease_obligations": null,
            "long_term_debt": 27161000000.0,
            "current_long_term_debt": 4306000000.0,
            "long_term_debt_non_current": 22857000000.0,
            "short_long_term_debt_total": 27161000000.0,
            "other_current_liabilities": 4535000000.0,
            "other_non_current_liabilities": 8996000000.0,
            "total_shareholder_equity": 20138000000.0,
            "treasury_stock": 110963000000.0,
            "retained_earnings": 104857000000.0,
            "common_stock": 48129000000.0,
            "common_stock_shares_outstanding": 1163182565.0
        },
        {
            "fiscal_date_ending": "2012-03-31",
            "reported_currency": "USD",
            "total_assets": 115347000000.0,
            "total_current_assets": 48847000000.0,
            "cash_and_cash_equivalents": 11835000000.0,
            "cash_and_short_term_investments": 12335000000.0,
            "inventory": 2754000000.0,
            "current_net_receivables": 25172000000.0,
            "total_non_current_assets": 66500000000.0,
            "property_plant_equipment": 13946000000.0,
            "accumulated_depreciation_amortization_ppe": 26496000000.0,
            "intangible_assets": 31109000000.0,
            "intangible_assets_excluding_goodwill": 3641000000.0,
            "goodwill": 27468000000.0,
            "investments": 500000000.0,
            "long_term_investments": 10549000000.0,
            "short_term_investments": 500000000.0,
            "other_current_assets": 1000000.0,
            "other_non_current_assets": 4822000000.0,
            "total_liabilities": 94563000000.0,
            "total_current_liabilities": 38209000000.0,
            "current_accounts_payable": 7416000000.0,
            "deferred_revenue": null,
            "current_debt": 6293000000.0,
            "short_term_debt": 6293000000.0,
            "total_non_current_liabilities": 56709000000.0,
            "capital_lease_obligations": null,
            "long_term_debt": 25760000000.0,
            "current_long_term_debt": null,
            "long_term_debt_non_current": 25760000000.0,
            "short_long_term_debt_total": 25760000000.0,
            "other_current_liabilities": 4677000000.0,
            "other_non_current_liabilities": 9112000000.0,
            "total_shareholder_equity": 20701000000.0,
            "treasury_stock": 114020000000.0,
            "retained_earnings": 107036000000.0,
            "common_stock": 48800000000.0,
            "common_stock_shares_outstanding": 1159100000.0
        },
        {
            "fiscal_date_ending": "2012-06-30",
            "reported_currency": "USD",
            "total_assets": 113832000000.0,
            "total_current_assets": 47392000000.0,
            "cash_and_cash_equivalents": 10864000000.0,
            "cash_and_short_term_investments": 11187000000.0,
            "inventory": 2758000000.0,
            "current_net_receivables": 25154000000.0,
            "total_non_current_assets": 63644000000.0,
            "property_plant_equipment": 13865000000.0,
            "accumulated_depreciation_amortization_ppe": 26293000000.0,
            "intangible_assets": 31392000000.0,
            "intangible_assets_excluding_goodwill": 3657000000.0,
            "goodwill": 27735000000.0,
            "investments": 323000000.0,
            "long_term_investments": 10795000000.0,
            "short_term_investments": 323000000.0,
            "other_current_assets": -1000000.0,
            "other_non_current_assets": 4730000000.0,
            "total_liabilities": 93269000000.0,
            "total_current_liabilities": 38903000000.0,
            "current_accounts_payable": 7482000000.0,
            "deferred_revenue": null,
            "current_debt": 7669000000.0,
            "short_term_debt": 7669000000.0,
            "total_non_current_liabilities": 54698000000.0,
            "capital_lease_obligations": null,
            "long_term_debt": 24766000000.0,
            "current_long_term_debt": null,
            "long_term_debt_non_current": 24766000000.0,
            "short_long_term_debt_total": 24766000000.0,
            "other_current_liabilities": 4602000000.0,
            "other_non_current_liabilities": 9166000000.0,
            "total_shareholder_equity": 20472000000.0,
            "treasury_stock": 117116000000.0,
            "retained_earnings": 109928000000.0,
            "common_stock": 49157000000.0,
            "common_stock_shares_outstanding": 1149000000.0
        },
        {
            "fiscal_date_ending": "2012-09-30",
            "reported_currency": "USD",
            "total_assets": 115778000000.0,
            "total_current_assets": 48141000000.0,
            "cash_and_cash_equivalents": 11909000000.0,
            "cash_and_short_term_investments": 12254000000.0,
            "inventory": 2586000000.0,
            "current_net_receivables": 24697000000.0,
            "total_non_current_assets": 65083000000.0,
            "property_plant_equipment": 14027000000.0,
            "accumulated_depreciation_amortization_ppe": 26688000000.0,
            "intangible_assets": 31835000000.0,
            "intangible_assets_excluding_goodwill": 3565000000.0,
            "goodwill": 28270000000.0,
            "investments": 345000000.0,
            "long_term_investments": 10791000000.0,
            "short_term_investments": 345000000.0,
            "other_current_assets": 6538000000.0,
            "other_non_current_assets": 5006000000.0,
            "total_liabilities": 94112000000.0,
            "total_current_liabilities": 39499000000.0,
            "current_accounts_payable": 7085000000.0,
            "deferred_revenue": null,
            "current_debt": 9334000000.0,
            "short_term_debt": 9334000000.0,
            "total_non_current_liabilities": 54948000000.0,
            "capital_lease_obligations": null,
            "long_term_debt": 24333000000.0,
            "current_long_term_debt": null,
            "long_term_debt_non_current": 24333000000.0,
            "short_long_term_debt_total": 24333000000.0,
            "other_current_liabilities": 4973000000.0,
            "other_non_current_liabilities": 9335000000.0,
            "total_shareholder_equity": 21541000000.0,
            "treasury_stock": 120115000000.0,
            "retained_earnings": 112773000000.0,
            "common_stock": 49603000000.0,
            "common_stock_shares_outstanding": 1137200000.0
        },
        {
            "fiscal_date_ending": "2012-12-31",
            "reported_currency": "USD",
            "total_assets": 119213000000.0,
            "total_current_assets": 49433000000.0,
            "cash_and_cash_equivalents": 10412000000.0,
            "cash_and_short_term_investments": 11129000000.0,
            "inventory": 2287000000.0,
            "current_net_receivables": 28705000000.0,
            "total_non_current_assets": 67137000000.0,
            "property_plant_equipment": 13996000000.0,
            "accumulated_depreciation_amortization_ppe": 26505000000.0,
            "intangible_assets": 33034000000.0,
            "intangible_assets_excluding_goodwill": 3787000000.0,
            "goodwill": 29247000000.0,
            "investments": 1422000000.0,
            "long_term_investments": 120000000.0,
            "short_term_investments": 717000000.0,
            "other_current_assets": 5439000000.0,
            "other_non_current_assets": 5021000000.0,
            "total_liabilities": 100229000000.0,
            "total_current_liabilities": 43625000000.0,
            "current_accounts_payable": 7952000000.0,
            "deferred_revenue": null,
            "current_debt": 9181000000.0,
            "short_term_debt": 9181000000.0,
            "total_non_current_liabilities": 60597000000.0,
            "capital_lease_obligations": null,
            "long_term_debt": 29680000000.0,
            "current_long_term_debt": 5593000000.0,
            "long_term_debt_non_current": 24088000000.0,
            "short_long_term_debt_total": 29680000000.0,
            "other_current_liabilities": 4847000000.0,
            "other_non_current_liabilities": 7607000000.0,
            "total_shareholder_equity": 18860000000.0,
            "treasury_stock": 123131000000.0,
            "retained_earnings": 117641000000.0,
            "common_stock": 50110000000.0,
            "common_stock_shares_outstanding": 1117367676.0
        },
        {
            "fiscal_date_ending": "2013-03-31",
            "reported_currency": "USD",
            "total_assets": 117258000000.0,
            "total_current_assets": 48949000000.0,
            "cash_and_cash_equivalents": 10585000000.0,
            "cash_and_short_term_investments": 11992000000.0,
            "inventory": 2421000000.0,
            "current_net_receivables": 26225000000.0,
            "total_non_current_assets": 64083000000.0,
            "property_plant_equipment": 13597000000.0,
            "accumulated_depreciation_amortization_ppe": 26459000000.0,
            "intangible_assets": 32626000000.0,
            "intangible_assets_excluding_goodwill": 3601000000.0,
            "goodwill": 29025000000.0,
            "investments": 1407000000.0,
            "long_term_investments": 11946000000.0,
            "short_term_investments": 1407000000.0,
            "other_current_assets": 1000000.0,
            "other_non_current_assets": 5011000000.0,
            "total_liabilities": 98044000000.0,
            "total_current_liabilities": 42122000000.0,
            "current_accounts_payable": 7203000000.0,
            "deferred_revenue": null,
            "current_debt": 8725000000.0,
            "short_term_debt": 8725000000.0,
            "total_non_current_liabilities": 55921000000.0,
            "capital_lease_obligations": null,
            "long_term_debt": 24672000000.0,
            "current_long_term_debt": null,
            "long_term_debt_non_current": 24672000000.0,
            "short_long_term_debt_total": 24672000000.0,
            "other_current_liabilities": 4583000000.0,
            "other_non_current_liabilities": 7771000000.0,
            "total_shareholder_equity": 19092000000.0,
            "treasury_stock": 125677000000.0,
            "retained_earnings": 119713000000.0,
            "common_stock": 50522000000.0,
            "common_stock_shares_outstanding": 1113700000.0
        },
        {
            "fiscal_date_ending": "2013-06-30",
            "reported_currency": "USD",
            "total_assets": 115153000000.0,
            "total_current_assets": 47911000000.0,
            "cash_and_cash_equivalents": 9561000000.0,
            "cash_and_short_term_investments": 10357000000.0,
            "inventory": 2389000000.0,
            "current_net_receivables": 26938000000.0,
            "total_non_current_assets": 63143000000.0,
            "property_plant_equipment": 13356000000.0,
            "accumulated_depreciation_amortization_ppe": 26196000000.0,
            "intangible_assets": 32264000000.0,
            "intangible_assets_excluding_goodwill": 3418000000.0,
            "goodwill": 28846000000.0,
            "investments": 648000000.0,
            "long_term_investments": 26000000.0,
            "short_term_investments": 799000000.0,
            "other_current_assets": -1000000.0,
            "other_non_current_assets": 4721000000.0,
            "total_liabilities": 97269000000.0,
            "total_current_liabilities": 41037000000.0,
            "current_accounts_payable": 6821000000.0,
            "deferred_revenue": null,
            "current_debt": 7830000000.0,
            "short_term_debt": 7830000000.0,
            "total_non_current_liabilities": 56232000000.0,
            "capital_lease_obligations": null,
            "long_term_debt": 26292000000.0,
            "current_long_term_debt": null,
            "long_term_debt_non_current": 26292000000.0,
            "short_long_term_debt_total": 34122000000.0,
            "other_current_liabilities": 5214000000.0,
            "other_non_current_liabilities": 7812000000.0,
            "total_shareholder_equity": 17756000000.0,
            "treasury_stock": 129239000000.0,
            "retained_earnings": 121883000000.0,
            "common_stock": 50886000000.0,
            "common_stock_shares_outstanding": 1100900000.0
        },
        {
            "fiscal_date_ending": "2013-09-30",
            "reported_currency": "USD",
            "total_assets": 117845000000.0,
            "total_current_assets": 47533000000.0,
            "cash_and_cash_equivalents": 10072000000.0,
            "cash_and_short_term_investments": 10232000000.0,
            "inventory": 2492000000.0,
            "current_net_receivables": 26651000000.0,
            "total_non_current_assets": 66713000000.0,
            "property_plant_equipment": 13877000000.0,
            "accumulated_depreciation_amortization_ppe": 26931000000.0,
            "intangible_assets": 34885000000.0,
            "intangible_assets_excluding_goodwill": 4003000000.0,
            "goodwill": 30882000000.0,
            "investments": 404000000.0,
            "long_term_investments": 41000000.0,
            "short_term_investments": 160000000.0,
            "other_current_assets": 6475000000.0,
            "other_non_current_assets": 4718000000.0,
            "total_liabilities": 97837000000.0,
            "total_current_liabilities": 39222000000.0,
            "current_accounts_payable": 6263000000.0,
            "deferred_revenue": null,
            "current_debt": 7702000000.0,
            "short_term_debt": 7702000000.0,
            "total_non_current_liabilities": 58616000000.0,
            "capital_lease_obligations": null,
            "long_term_debt": 28478000000.0,
            "current_long_term_debt": null,
            "long_term_debt_non_current": 28478000000.0,
            "short_long_term_debt_total": 36180000000.0,
            "other_current_liabilities": 4643000000.0,
            "other_non_current_liabilities": 8057000000.0,
            "total_shareholder_equity": 19877000000.0,
            "treasury_stock": 131240000000.0,
            "retained_earnings": 124885000000.0,
            "common_stock": 51203000000.0,
            "common_stock_shares_outstanding": 1090900000.0
        },
        {
            "fiscal_date_ending": "2013-12-31",
            "reported_currency": "USD",
            "total_assets": 125641000000.0,
            "total_current_assets": 51350000000.0,
            "cash_and_cash_equivalents": 10716000000.0,
            "cash_and_short_term_investments": 11066000000.0,
            "inventory": 2310000000.0,
            "current_net_receivables": 30252000000.0,
            "total_non_current_assets": 73054000000.0,
            "property_plant_equipment": 13821000000.0,
            "accumulated_depreciation_amortization_ppe": 26654000000.0,
            "intangible_assets": 35055000000.0,
            "intangible_assets_excluding_goodwill": 3871000000.0,
            "goodwill": 31184000000.0,
            "investments": 549000000.0,
            "long_term_investments": 137000000.0,
            "short_term_investments": 350000000.0,
            "other_current_assets": -1000000.0,
            "other_non_current_assets": 4639000000.0,
            "total_liabilities": 103294000000.0,
            "total_current_liabilities": 40154000000.0,
            "current_accounts_payable": 7461000000.0,
            "deferred_revenue": null,
            "current_debt": 6862000000.0,
            "short_term_debt": 6862000000.0,
            "total_non_current_liabilities": 68996000000.0,
            "capital_lease_obligations": null,
            "long_term_debt": 36710000000.0,
            "current_long_term_debt": 3854000000.0,
            "long_term_debt_non_current": 32856000000.0,
            "short_long_term_debt_total": 39719000000.0,
            "other_current_liabilities": 4748000000.0,
            "other_non_current_liabilities": 9934000000.0,
            "total_shareholder_equity": 22792000000.0,
            "treasury_stock": 137242000000.0,
            "retained_earnings": 130042000000.0,
            "common_stock": 51594000000.0,
            "common_stock_shares_outstanding": 1054390937.0
        },
        {
            "fiscal_date_ending": "2014-03-31",
            "reported_currency": "USD",
            "total_assets": 122646000000.0,
            "total_current_assets": 47959000000.0,
            "cash_and_cash_equivalents": 9409000000.0,
            "cash_and_short_term_investments": 9704000000.0,
            "inventory": 2456000000.0,
            "current_net_receivables": 28011000000.0,
            "total_non_current_assets": 71679000000.0,
            "property_plant_equipment": 13683000000.0,
            "accumulated_depreciation_amortization_ppe": 26795000000.0,
            "intangible_assets": 34912000000.0,
            "intangible_assets_excluding_goodwill": 3698000000.0,
            "goodwill": 31214000000.0,
            "investments": 434000000.0,
            "long_term_investments": 13000000.0,
            "short_term_investments": 295000000.0,
            "other_current_assets": 6138000000.0,
            "other_non_current_assets": 5030000000.0,
            "total_liabilities": 105906000000.0,
            "total_current_liabilities": 41058000000.0,
            "current_accounts_payable": 6865000000.0,
            "deferred_revenue": null,
            "current_debt": 9312000000.0,
            "short_term_debt": 9312000000.0,
            "total_non_current_liabilities": 64847000000.0,
            "capital_lease_obligations": null,
            "long_term_debt": 34668000000.0,
            "current_long_term_debt": null,
            "long_term_debt_non_current": 34668000000.0,
            "short_long_term_debt_total": 43980000000.0,
            "other_current_liabilities": 5292000000.0,
            "other_non_current_liabilities": 10106000000.0,
            "total_shareholder_equity": 16607000000.0,
            "treasury_stock": 145612000000.0,
            "retained_earnings": 131431000000.0,
            "common_stock": 51943000000.0,
            "common_stock_shares_outstanding": 1035200000.0
        },
        {
            "fiscal_date_ending": "2014-06-30",
            "reported_currency": "USD",
            "total_assets": 124314000000.0,
            "total_current_assets": 48182000000.0,
            "cash_and_cash_equivalents": 9561000000.0,
            "cash_and_short_term_investments": 9720000000.0,
            "inventory": 2338000000.0,
            "current_net_receivables": 28522000000.0,
            "total_non_current_assets": 73338000000.0,
            "property_plant_equipment": 13748000000.0,
            "accumulated_depreciation_amortization_ppe": 27188000000.0,
            "intangible_assets": 35153000000.0,
            "intangible_assets_excluding_goodwill": 3585000000.0,
            "goodwill": 31568000000.0,
            "investments": 528000000.0,
            "long_term_investments": 17000000.0,
            "short_term_investments": 5000000.0,
            "other_current_assets": 1000000.0,
            "other_non_current_assets": 5369000000.0,
            "total_liabilities": 106801000000.0,
            "total_current_liabilities": 42433000000.0,
            "current_accounts_payable": 6271000000.0,
            "deferred_revenue": null,
            "current_debt": 12462000000.0,
            "short_term_debt": 6986000000.0,
            "total_non_current_liabilities": 64368000000.0,
            "capital_lease_obligations": null,
            "long_term_debt": 39485000000.0,
            "current_long_term_debt": 5477000000.0,
            "long_term_debt_non_current": 34008000000.0,
            "short_long_term_debt_total": 46471000000.0,
            "other_current_liabilities": 4737000000.0,
            "other_non_current_liabilities": 10224000000.0,
            "total_shareholder_equity": 17377000000.0,
            "treasury_stock": 148900000000.0,
            "retained_earnings": 134483000000.0,
            "common_stock": 52163000000.0,
            "common_stock_shares_outstanding": 999600000.0
        },
        {
            "fiscal_date_ending": "2014-09-30",
            "reported_currency": "USD",
            "total_assets": 118911000000.0,
            "total_current_assets": 47163000000.0,
            "cash_and_cash_equivalents": 9561000000.0,
            "cash_and_short_term_investments": 9565000000.0,
            "inventory": 2356000000.0,
            "current_net_receivables": 28002000000.0,
            "total_non_current_assets": 69080000000.0,
            "property_plant_equipment": 11068000000.0,
            "accumulated_depreciation_amortization_ppe": 28882000000.0,
            "intangible_assets": 34418000000.0,
            "intangible_assets_excluding_goodwill": 3373000000.0,
            "goodwill": 31045000000.0,
            "investments": 827000000.0,
            "long_term_investments": 16000000.0,
            "short_term_investments": 4000000.0,
            "other_current_assets": -1000000.0,
            "other_non_current_assets": 5126000000.0,
            "total_liabilities": 104515000000.0,
            "total_current_liabilities": 42306000000.0,
            "current_accounts_payable": 5855000000.0,
            "deferred_revenue": 15029000000.0,
            "current_debt": 12876000000.0,
            "short_term_debt": 6803000000.0,
            "total_non_current_liabilities": 62210000000.0,
            "capital_lease_obligations": null,
            "long_term_debt": 38894000000.0,
            "current_long_term_debt": 6073000000.0,
            "long_term_debt_non_current": 32821000000.0,
            "short_long_term_debt_total": 45697000000.0,
            "other_current_liabilities": 5788000000.0,
            "other_non_current_liabilities": 10613000000.0,
            "total_shareholder_equity": 14255000000.0,
            "treasury_stock": 150616000000.0,
            "retained_earnings": 133403000000.0,
            "common_stock": 52446000000.0,
            "common_stock_shares_outstanding": 991800000.0
        },
        {
            "fiscal_date_ending": "2014-12-31",
            "reported_currency": "USD",
            "total_assets": 117271000000.0,
            "total_current_assets": 47377000000.0,
            "cash_and_cash_equivalents": 8476000000.0,
            "cash_and_short_term_investments": 8476000000.0,
            "inventory": 2103000000.0,
            "current_net_receivables": 31831000000.0,
            "total_non_current_assets": 65218000000.0,
            "property_plant_equipment": 10771000000.0,
            "accumulated_depreciation_amortization_ppe": 28263000000.0,
            "intangible_assets": 33660000000.0,
            "intangible_assets_excluding_goodwill": 3104000000.0,
            "goodwill": 30556000000.0,
            "investments": 1167000000.0,
            "long_term_investments": 350000000.0,
            "short_term_investments": 0.0,
            "other_current_assets": 1000000.0,
            "other_non_current_assets": 5520000000.0,
            "total_liabilities": 105257000000.0,
            "total_current_liabilities": 39581000000.0,
            "current_accounts_payable": 6864000000.0,
            "deferred_revenue": 15568000000.0,
            "current_debt": 5731000000.0,
            "short_term_debt": 1130000000.0,
            "total_non_current_liabilities": 70280000000.0,
            "capital_lease_obligations": null,
            "long_term_debt": 39593000000.0,
            "current_long_term_debt": 4601000000.0,
            "long_term_debt_non_current": 34991000000.0,
            "short_long_term_debt_total": 40805000000.0,
            "other_current_liabilities": 5994000000.0,
            "other_non_current_liabilities": 8733000000.0,
            "total_shareholder_equity": 11868000000.0,
            "treasury_stock": 150715000000.0,
            "retained_earnings": 137793000000.0,
            "common_stock": 52666000000.0,
            "common_stock_shares_outstanding": 990523759.0
        },
        {
            "fiscal_date_ending": "2015-03-31",
            "reported_currency": "USD",
            "total_assets": 112037000000.0,
            "total_current_assets": 46316000000.0,
            "cash_and_cash_equivalents": 8796000000.0,
            "cash_and_short_term_investments": 8804000000.0,
            "inventory": 1970000000.0,
            "current_net_receivables": 27849000000.0,
            "total_non_current_assets": 61927000000.0,
            "property_plant_equipment": 10509000000.0,
            "accumulated_depreciation_amortization_ppe": 27793000000.0,
            "intangible_assets": 32862000000.0,
            "intangible_assets_excluding_goodwill": 2991000000.0,
            "goodwill": 29871000000.0,
            "investments": 1360000000.0,
            "long_term_investments": 290000000.0,
            "short_term_investments": 8000000.0,
            "other_current_assets": -2000000.0,
            "other_non_current_assets": 5466000000.0,
            "total_liabilities": 99747000000.0,
            "total_current_liabilities": 35640000000.0,
            "current_accounts_payable": 6314000000.0,
            "deferred_revenue": 15973000000.0,
            "current_debt": 4532000000.0,
            "short_term_debt": 460000000.0,
            "total_non_current_liabilities": 64108000000.0,
            "capital_lease_obligations": null,
            "long_term_debt": 38367000000.0,
            "current_long_term_debt": 4072000000.0,
            "long_term_debt_non_current": 34295000000.0,
            "short_long_term_debt_total": 38827000000.0,
            "other_current_liabilities": 5765000000.0,
            "other_non_current_liabilities": 8791000000.0,
            "total_shareholder_equity": 12141000000.0,
            "treasury_stock": 151975000000.0,
            "retained_earnings": 139030000000.0,
            "common_stock": 52928000000.0,
            "common_stock_shares_outstanding": 988100000.0
        },
        {
            "fiscal_date_ending": "2015-06-30",
            "reported_currency": "USD",
            "total_assets": 112729000000.0,
            "total_current_assets": 45186000000.0,
            "cash_and_cash_equivalents": 8393000000.0,
            "cash_and_short_term_investments": 8760000000.0,
            "inventory": 1912000000.0,
            "current_net_receivables": 27910000000.0,
            "total_non_current_assets": 63881000000.0,
            "property_plant_equipment": 10702000000.0,
            "accumulated_depreciation_amortization_ppe": 27936000000.0,
            "intangible_assets": 33473000000.0,
            "intangible_assets_excluding_goodwill": 2938000000.0,
            "goodwill": 30535000000.0,
            "investments": 1091000000.0,
            "long_term_investments": 275000000.0,
            "short_term_investments": 367000000.0,
            "other_current_assets": 1000000.0,
            "other_non_current_assets": 5377000000.0,
            "total_liabilities": 98892000000.0,
            "total_current_liabilities": 35535000000.0,
            "current_accounts_payable": 5943000000.0,
            "deferred_revenue": 15224000000.0,
            "current_debt": 5329000000.0,
            "short_term_debt": 1403000000.0,
            "total_non_current_liabilities": 63356000000.0,
            "capital_lease_obligations": null,
            "long_term_debt": 37265000000.0,
            "current_long_term_debt": 3926000000.0,
            "long_term_debt_non_current": 33339000000.0,
            "short_long_term_debt_total": 38668000000.0,
            "other_current_liabilities": 5301000000.0,
            "other_non_current_liabilities": 8827000000.0,
            "total_shareholder_equity": 13684000000.0,
            "treasury_stock": 153162000000.0,
            "retained_earnings": 141218000000.0,
            "common_stock": 53059000000.0,
            "common_stock_shares_outstanding": 982300000.0
        },
        {
            "fiscal_date_ending": "2015-09-30",
            "reported_currency": "USD",
            "total_assets": 108649000000.0,
            "total_current_assets": 42112000000.0,
            "cash_and_cash_equivalents": 9480000000.0,
            "cash_and_short_term_investments": 9568000000.0,
            "inventory": 1613000000.0,
            "current_net_receivables": 25113000000.0,
            "total_non_current_assets": 63185000000.0,
            "property_plant_equipment": 10661000000.0,
            "accumulated_depreciation_amortization_ppe": 18568000000.0,
            "intangible_assets": 33050000000.0,
            "intangible_assets_excluding_goodwill": 2775000000.0,
            "goodwill": 30275000000.0,
            "investments": 1031000000.0,
            "long_term_investments": 169000000.0,
            "short_term_investments": 88000000.0,
            "other_current_assets": 5818000000.0,
            "other_non_current_assets": 5586000000.0,
            "total_liabilities": 95198000000.0,
            "total_current_liabilities": 33732000000.0,
            "current_accounts_payable": 5166000000.0,
            "deferred_revenue": 14051000000.0,
            "current_debt": 7538000000.0,
            "short_term_debt": 2253000000.0,
            "total_non_current_liabilities": 61466000000.0,
            "capital_lease_obligations": null,
            "long_term_debt": 37407000000.0,
            "current_long_term_debt": 5286000000.0,
            "long_term_debt_non_current": 32122000000.0,
            "short_long_term_debt_total": 39660000000.0,
            "other_current_liabilities": 3902000000.0,
            "other_non_current_liabilities": 8739000000.0,
            "total_shareholder_equity": 13294000000.0,
            "treasury_stock": 154669000000.0,
            "retained_earnings": 142898000000.0,
            "common_stock": 53220000000.0,
            "common_stock_shares_outstanding": 975100000.0
        },
        {
            "fiscal_date_ending": "2015-12-31",
            "reported_currency": "USD",
            "total_assets": 110495000000.0,
            "total_current_assets": 42504000000.0,
            "cash_and_cash_equivalents": 7686000000.0,
            "cash_and_short_term_investments": 8194000000.0,
            "inventory": 1551000000.0,
            "current_net_receivables": 28554000000.0,
            "total_non_current_assets": 64956000000.0,
            "property_plant_equipment": 10727000000.0,
            "accumulated_depreciation_amortization_ppe": 18615000000.0,
            "intangible_assets": 35508000000.0,
            "intangible_assets_excluding_goodwill": 3487000000.0,
            "goodwill": 32021000000.0,
            "investments": 1008000000.0,
            "long_term_investments": 282000000.0,
            "short_term_investments": 508000000.0,
            "other_current_assets": 4205000000.0,
            "other_non_current_assets": 5187000000.0,
            "total_liabilities": 96071000000.0,
            "total_current_liabilities": 34269000000.0,
            "current_accounts_payable": 6028000000.0,
            "deferred_revenue": 14792000000.0,
            "current_debt": 6461000000.0,
            "short_term_debt": 1190000000.0,
            "total_non_current_liabilities": 66076000000.0,
            "capital_lease_obligations": null,
            "long_term_debt": 38699000000.0,
            "current_long_term_debt": 5271000000.0,
            "long_term_debt_non_current": 33428000000.0,
            "short_long_term_debt_total": 39889000000.0,
            "other_current_liabilities": 4353000000.0,
            "other_non_current_liabilities": 8099000000.0,
            "total_shareholder_equity": 14262000000.0,
            "treasury_stock": 155518000000.0,
            "retained_earnings": 146124000000.0,
            "common_stock": 53262000000.0,
            "common_stock_shares_outstanding": 965728725.0
        },
        {
            "fiscal_date_ending": "2016-03-31",
            "reported_currency": "USD",
            "total_assets": 118856000000.0,
            "total_current_assets": 47623000000.0,
            "cash_and_cash_equivalents": 14354000000.0,
            "cash_and_short_term_investments": 14869000000.0,
            "inventory": 1690000000.0,
            "current_net_receivables": 26730000000.0,
            "total_non_current_assets": 66555000000.0,
            "property_plant_equipment": 10910000000.0,
            "accumulated_depreciation_amortization_ppe": 18717000000.0,
            "intangible_assets": 38695000000.0,
            "intangible_assets_excluding_goodwill": 4373000000.0,
            "goodwill": 34322000000.0,
            "investments": 674000000.0,
            "long_term_investments": 17000000.0,
            "short_term_investments": 515000000.0,
            "other_current_assets": 4334000000.0,
            "other_non_current_assets": 5223000000.0,
            "total_liabilities": 103784000000.0,
            "total_current_liabilities": 34664000000.0,
            "current_accounts_payable": 5302000000.0,
            "deferred_revenue": 16271000000.0,
            "current_debt": 5303000000.0,
            "short_term_debt": 302000000.0,
            "total_non_current_liabilities": 69119000000.0,
            "capital_lease_obligations": null,
            "long_term_debt": 45254000000.0,
            "current_long_term_debt": 5000000000.0,
            "long_term_debt_non_current": 40254000000.0,
            "short_long_term_debt_total": 45556000000.0,
            "other_current_liabilities": 5804000000.0,
            "other_non_current_liabilities": 8264000000.0,
            "total_shareholder_equity": 14925000000.0,
            "treasury_stock": 156404000000.0,
            "retained_earnings": 146888000000.0,
            "common_stock": 53439000000.0,
            "common_stock_shares_outstanding": 961700000.0
        },
        {
            "fiscal_date_ending": "2016-06-30",
            "reported_currency": "USD",
            "total_assets": 118056000000.0,
            "total_current_assets": 43524000000.0,
            "cash_and_cash_equivalents": 10017000000.0,
            "cash_and_short_term_investments": 10617000000.0,
            "inventory": 1685000000.0,
            "current_net_receivables": 26547000000.0,
            "total_non_current_assets": 64926000000.0,
            "property_plant_equipment": 11092000000.0,
            "accumulated_depreciation_amortization_ppe": 19044000000.0,
            "intangible_assets": 41570000000.0,
            "intangible_assets_excluding_goodwill": 5148000000.0,
            "goodwill": 36422000000.0,
            "investments": 20000000.0,
            "long_term_investments": 20000000.0,
            "short_term_investments": 600000000.0,
            "other_current_assets": -1000000.0,
            "other_non_current_assets": null,
            "total_liabilities": 102167000000.0,
            "total_current_liabilities": 33585000000.0,
            "current_accounts_payable": 5484000000.0,
            "deferred_revenue": 15345000000.0,
            "current_debt": 4887000000.0,
            "short_term_debt": 301000000.0,
            "total_non_current_liabilities": 68583000000.0,
            "capital_lease_obligations": null,
            "long_term_debt": 44224000000.0,
            "current_long_term_debt": 4586000000.0,
            "long_term_debt_non_current": 39638000000.0,
            "short_long_term_debt_total": 44525000000.0,
            "other_current_liabilities": 11706000000.0,
            "other_non_current_liabilities": 8385000000.0,
            "total_shareholder_equity": 15733000000.0,
            "treasury_stock": 157298000000.0,
            "retained_earnings": 148071000000.0,
            "common_stock": 53565000000.0,
            "common_stock_shares_outstanding": 957400000.0
        },
        {
            "fiscal_date_ending": "2016-09-30",
            "reported_currency": "USD",
            "total_assets": 115606000000.0,
            "total_current_assets": 41433000000.0,
            "cash_and_cash_equivalents": 9039000000.0,
            "cash_and_short_term_investments": 9968000000.0,
            "inventory": 1729000000.0,
            "current_net_receivables": 25196000000.0,
            "total_non_current_assets": 64851000000.0,
            "property_plant_equipment": 11104000000.0,
            "accumulated_depreciation_amortization_ppe": 19738000000.0,
            "intangible_assets": 41282000000.0,
            "intangible_assets_excluding_goodwill": 4881000000.0,
            "goodwill": 36401000000.0,
            "investments": 21000000.0,
            "long_term_investments": 21000000.0,
            "short_term_investments": 929000000.0,
            "other_current_assets": 1000000.0,
            "other_non_current_assets": null,
            "total_liabilities": 98447000000.0,
            "total_current_liabilities": 34447000000.0,
            "current_accounts_payable": 5271000000.0,
            "deferred_revenue": 14426000000.0,
            "current_debt": 6920000000.0,
            "short_term_debt": 359000000.0,
            "total_non_current_liabilities": 64000000000.0,
            "capital_lease_obligations": null,
            "long_term_debt": 42124000000.0,
            "current_long_term_debt": 6561000000.0,
            "long_term_debt_non_current": 35563000000.0,
            "short_long_term_debt_total": 42483000000.0,
            "other_current_liabilities": 11441000000.0,
            "other_non_current_liabilities": 8138000000.0,
            "total_shareholder_equity": 17010000000.0,
            "treasury_stock": 158170000000.0,
            "retained_earnings": 149585000000.0,
            "common_stock": 53759000000.0,
            "common_stock_shares_outstanding": 954000000.0
        },
        {
            "fiscal_date_ending": "2016-12-31",
            "reported_currency": "USD",
            "total_assets": 117470000000.0,
            "total_current_assets": 43888000000.0,
            "cash_and_cash_equivalents": 7826000000.0,
            "cash_and_short_term_investments": 8527000000.0,
            "inventory": 1553000000.0,
            "current_net_receivables": 29245000000.0,
            "total_non_current_assets": 66971000000.0,
            "property_plant_equipment": 10830000000.0,
            "accumulated_depreciation_amortization_ppe": 19303000000.0,
            "intangible_assets": 40887000000.0,
            "intangible_assets_excluding_goodwill": 4688000000.0,
            "goodwill": 36199000000.0,
            "investments": 713000000.0,
            "long_term_investments": 119000000.0,
            "short_term_investments": 701000000.0,
            "other_current_assets": -1000000.0,
            "other_non_current_assets": null,
            "total_liabilities": 99078000000.0,
            "total_current_liabilities": 36275000000.0,
            "current_accounts_payable": 6209000000.0,
            "deferred_revenue": 14635000000.0,
            "current_debt": 7513000000.0,
            "short_term_debt": 1274000000.0,
            "total_non_current_liabilities": 66849000000.0,
            "capital_lease_obligations": null,
            "long_term_debt": 40893000000.0,
            "current_long_term_debt": 6239000000.0,
            "long_term_debt_non_current": 34655000000.0,
            "short_long_term_debt_total": 42167000000.0,
            "other_current_liabilities": 11518000000.0,
            "other_non_current_liabilities": 7477000000.0,
            "total_shareholder_equity": 18246000000.0,
            "treasury_stock": 159050000000.0,
            "retained_earnings": 152759000000.0,
            "common_stock": 53935000000.0,
            "common_stock_shares_outstanding": 945867403.0
        },
        {
            "fiscal_date_ending": "2017-03-31",
            "reported_currency": "USD",
            "total_assets": 117495000000.0,
            "total_current_assets": 42889000000.0,
            "cash_and_cash_equivalents": 10096000000.0,
            "cash_and_short_term_investments": 10695000000.0,
            "inventory": 1609000000.0,
            "current_net_receivables": 25869000000.0,
            "total_non_current_assets": 63625000000.0,
            "property_plant_equipment": 10865000000.0,
            "accumulated_depreciation_amortization_ppe": 19816000000.0,
            "intangible_assets": 40743000000.0,
            "intangible_assets_excluding_goodwill": 4436000000.0,
            "goodwill": 36307000000.0,
            "investments": 12000000.0,
            "long_term_investments": 12000000.0,
            "short_term_investments": 599000000.0,
            "other_current_assets": 1000000.0,
            "other_non_current_assets": null,
            "total_liabilities": 99047000000.0,
            "total_current_liabilities": 36481000000.0,
            "current_accounts_payable": 5324000000.0,
            "deferred_revenue": 15908000000.0,
            "current_debt": 8340000000.0,
            "short_term_debt": 285000000.0,
            "total_non_current_liabilities": 62566000000.0,
            "capital_lease_obligations": null,
            "long_term_debt": 42498000000.0,
            "current_long_term_debt": 8055000000.0,
            "long_term_debt_non_current": 34441000000.0,
            "short_long_term_debt_total": 42783000000.0,
            "other_current_liabilities": 10466000000.0,
            "other_non_current_liabilities": 7601000000.0,
            "total_shareholder_equity": 18327000000.0,
            "treasury_stock": 160359000000.0,
            "retained_earnings": 153292000000.0,
            "common_stock": 54104000000.0,
            "common_stock_shares_outstanding": 942400000.0
        },
        {
            "fiscal_date_ending": "2017-06-30",
            "reported_currency": "USD",
            "total_assets": 120495000000.0,
            "total_current_assets": 45013000000.0,
            "cash_and_cash_equivalents": 11696000000.0,
            "cash_and_short_term_investments": 12295000000.0,
            "inventory": 1604000000.0,
            "current_net_receivables": 26958000000.0,
            "total_non_current_assets": 63942000000.0,
            "property_plant_equipment": 10903000000.0,
            "accumulated_depreciation_amortization_ppe": 20388000000.0,
            "intangible_assets": 40696000000.0,
            "intangible_assets_excluding_goodwill": 4179000000.0,
            "goodwill": 36517000000.0,
            "investments": 16000000.0,
            "long_term_investments": 16000000.0,
            "short_term_investments": 599000000.0,
            "other_current_assets": 1000000.0,
            "other_non_current_assets": null,
            "total_liabilities": 101951000000.0,
            "total_current_liabilities": 35966000000.0,
            "current_accounts_payable": 5126000000.0,
            "deferred_revenue": 15158000000.0,
            "current_debt": 8061000000.0,
            "short_term_debt": 227000000.0,
            "total_non_current_liabilities": 65986000000.0,
            "capital_lease_obligations": null,
            "long_term_debt": 45446000000.0,
            "current_long_term_debt": 7834000000.0,
            "long_term_debt_non_current": 37612000000.0,
            "short_long_term_debt_total": 45673000000.0,
            "other_current_liabilities": 11238000000.0,
            "other_non_current_liabilities": 7437000000.0,
            "total_shareholder_equity": 18419000000.0,
            "treasury_stock": 161860000000.0,
            "retained_earnings": 154234000000.0,
            "common_stock": 54235000000.0,
            "common_stock_shares_outstanding": 934900000.0
        },
        {
            "fiscal_date_ending": "2017-09-30",
            "reported_currency": "USD",
            "total_assets": 121636000000.0,
            "total_current_assets": 44742000000.0,
            "cash_and_cash_equivalents": 10915000000.0,
            "cash_and_short_term_investments": 11515000000.0,
            "inventory": 1711000000.0,
            "current_net_receivables": 27126000000.0,
            "total_non_current_assets": 64832000000.0,
            "property_plant_equipment": 11057000000.0,
            "accumulated_depreciation_amortization_ppe": 20880000000.0,
            "intangible_assets": 40763000000.0,
            "intangible_assets_excluding_goodwill": 3981000000.0,
            "goodwill": 36782000000.0,
            "investments": 16000000.0,
            "long_term_investments": 16000000.0,
            "short_term_investments": 600000000.0,
            "other_current_assets": 1000000.0,
            "other_non_current_assets": null,
            "total_liabilities": 101879000000.0,
            "total_current_liabilities": 31697000000.0,
            "current_accounts_payable": 5442000000.0,
            "deferred_revenue": 14228000000.0,
            "current_debt": 4299000000.0,
            "short_term_debt": 407000000.0,
            "total_non_current_liabilities": 70183000000.0,
            "capital_lease_obligations": null,
            "long_term_debt": 45218000000.0,
            "current_long_term_debt": 3892000000.0,
            "long_term_debt_non_current": 41327000000.0,
            "short_long_term_debt_total": 45625000000.0,
            "other_current_liabilities": 11307000000.0,
            "other_non_current_liabilities": 7723000000.0,
            "total_shareholder_equity": 19627000000.0,
            "treasury_stock": 162812000000.0,
            "retained_earnings": 155565000000.0,
            "common_stock": 54395000000.0,
            "common_stock_shares_outstanding": 929437441.0
        },
        {
            "fiscal_date_ending": "2017-12-31",
            "reported_currency": "USD",
            "total_assets": 125356000000.0,
            "total_current_assets": 49735000000.0,
            "cash_and_cash_equivalents": 11972000000.0,
            "cash_and_short_term_investments": 12580000000.0,
            "inventory": 1583000000.0,
            "current_net_receivables": 31630000000.0,
            "total_non_current_assets": 69446000000.0,
            "property_plant_equipment": 11116000000.0,
            "accumulated_depreciation_amortization_ppe": 21215000000.0,
            "intangible_assets": 40530000000.0,
            "intangible_assets_excluding_goodwill": 3742000000.0,
            "goodwill": 36788000000.0,
            "investments": 894000000.0,
            "long_term_investments": 137000000.0,
            "short_term_investments": 608000000.0,
            "other_current_assets": 3942000000.0,
            "other_non_current_assets": null,
            "total_liabilities": 107631000000.0,
            "total_current_liabilities": 37363000000.0,
            "current_accounts_payable": 6451000000.0,
            "deferred_revenue": 15298000000.0,
            "current_debt": 6987000000.0,
            "short_term_debt": 1773000000.0,
            "total_non_current_liabilities": 75565000000.0,
            "capital_lease_obligations": null,
            "long_term_debt": 45052000000.0,
            "current_long_term_debt": 5214000000.0,
            "long_term_debt_non_current": 39837000000.0,
            "short_long_term_debt_total": 46825000000.0,
            "other_current_liabilities": 12373000000.0,
            "other_non_current_liabilities": 9965000000.0,
            "total_shareholder_equity": 17594000000.0,
            "treasury_stock": 163507000000.0,
            "retained_earnings": 153126000000.0,
            "common_stock": 54566000000.0,
            "common_stock_shares_outstanding": 922179225.0
        },
        {
            "fiscal_date_ending": "2018-03-31",
            "reported_currency": "USD",
            "total_assets": 125285000000.0,
            "total_current_assets": 49122000000.0,
            "cash_and_cash_equivalents": 11949000000.0,
            "cash_and_short_term_investments": 12842000000.0,
            "inventory": 1753000000.0,
            "current_net_receivables": 29229000000.0,
            "total_non_current_assets": 65516000000.0,
            "property_plant_equipment": 11278000000.0,
            "accumulated_depreciation_amortization_ppe": 21497000000.0,
            "intangible_assets": 40253000000.0,
            "intangible_assets_excluding_goodwill": 3521000000.0,
            "goodwill": 36732000000.0,
            "investments": null,
            "long_term_investments": 11798000000.0,
            "short_term_investments": 893000000.0,
            "other_current_assets": -1000000.0,
            "other_non_current_assets": null,
            "total_liabilities": 106995000000.0,
            "total_current_liabilities": 35733000000.0,
            "current_accounts_payable": 5736000000.0,
            "deferred_revenue": null,
            "current_debt": 5977000000.0,
            "short_term_debt": 2219000000.0,
            "total_non_current_liabilities": 67410000000.0,
            "capital_lease_obligations": null,
            "long_term_debt": 44168000000.0,
            "current_long_term_debt": 3758000000.0,
            "long_term_debt_non_current": 40410000000.0,
            "short_long_term_debt_total": 46387000000.0,
            "other_current_liabilities": 10961000000.0,
            "other_non_current_liabilities": 10250000000.0,
            "total_shareholder_equity": 18166000000.0,
            "treasury_stock": 164334000000.0,
            "retained_earnings": 156371000000.0,
            "common_stock": 54712000000.0,
            "common_stock_shares_outstanding": 920680222.0
        },
        {
            "fiscal_date_ending": "2018-06-30",
            "reported_currency": "USD",
            "total_assets": 121622000000.0,
            "total_current_assets": 46795000000.0,
            "cash_and_cash_equivalents": 10741000000.0,
            "cash_and_short_term_investments": 11707000000.0,
            "inventory": 1742000000.0,
            "current_net_receivables": 28340000000.0,
            "total_non_current_assets": 67621000000.0,
            "property_plant_equipment": 11024000000.0,
            "accumulated_depreciation_amortization_ppe": 21209000000.0,
            "intangible_assets": 39826000000.0,
            "intangible_assets_excluding_goodwill": 3344000000.0,
            "goodwill": 36482000000.0,
            "investments": 966000000.0,
            "long_term_investments": 11301000000.0,
            "short_term_investments": 966000000.0,
            "other_current_assets": 5006000000.0,
            "other_non_current_assets": null,
            "total_liabilities": 102974000000.0,
            "total_current_liabilities": 35442000000.0,
            "current_accounts_payable": 5518000000.0,
            "deferred_revenue": null,
            "current_debt": 7646000000.0,
            "short_term_debt": 2199000000.0,
            "total_non_current_liabilities": 67532000000.0,
            "capital_lease_obligations": null,
            "long_term_debt": 43298000000.0,
            "current_long_term_debt": 5447000000.0,
            "long_term_debt_non_current": 37851000000.0,
            "short_long_term_debt_total": 45497000000.0,
            "other_current_liabilities": 10526000000.0,
            "other_non_current_liabilities": 10000000000.0,
            "total_shareholder_equity": 18520000000.0,
            "treasury_stock": 165366000000.0,
            "retained_earnings": 157349000000.0,
            "common_stock": 54827000000.0,
            "common_stock_shares_outstanding": 915064434.0
        },
        {
            "fiscal_date_ending": "2018-09-30",
            "reported_currency": "USD",
            "total_assets": 121990000000.0,
            "total_current_assets": 48257000000.0,
            "cash_and_cash_equivalents": 11563000000.0,
            "cash_and_short_term_investments": 14495000000.0,
            "inventory": 1893000000.0,
            "current_net_receivables": 27087000000.0,
            "total_non_current_assets": 67024000000.0,
            "property_plant_equipment": 10949000000.0,
            "accumulated_depreciation_amortization_ppe": 21535000000.0,
            "intangible_assets": 39660000000.0,
            "intangible_assets_excluding_goodwill": 3134000000.0,
            "goodwill": 36526000000.0,
            "investments": 2932000000.0,
            "long_term_investments": 10451000000.0,
            "short_term_investments": 2932000000.0,
            "other_current_assets": -1000000.0,
            "other_non_current_assets": null,
            "total_liabilities": 102071000000.0,
            "total_current_liabilities": 36822000000.0,
            "current_accounts_payable": 5384000000.0,
            "deferred_revenue": null,
            "current_debt": 10932000000.0,
            "short_term_debt": 4159000000.0,
            "total_non_current_liabilities": 65249000000.0,
            "capital_lease_obligations": null,
            "long_term_debt": 42762000000.0,
            "current_long_term_debt": 6773000000.0,
            "long_term_debt_non_current": 35989000000.0,
            "short_long_term_debt_total": 46921000000.0,
            "other_current_liabilities": 9802000000.0,
            "other_non_current_liabilities": 9979000000.0,
            "total_shareholder_equity": 19784000000.0,
            "treasury_stock": 165995000000.0,
            "retained_earnings": 158612000000.0,
            "common_stock": 54987000000.0,
            "common_stock_shares_outstanding": 911152848.0
        },
        {
            "fiscal_date_ending": "2018-12-31",
            "reported_currency": "USD",
            "total_assets": 123382000000.0,
            "total_current_assets": 49146000000.0,
            "cash_and_cash_equivalents": 11379000000.0,
            "cash_and_short_term_investments": 11997000000.0,
            "inventory": 1682000000.0,
            "current_net_receivables": 30563000000.0,
            "total_non_current_assets": 68067000000.0,
            "property_plant_equipment": 10792000000.0,
            "accumulated_depreciation_amortization_ppe": 21668000000.0,
            "intangible_assets": 39352000000.0,
            "intangible_assets_excluding_goodwill": 3087000000.0,
            "goodwill": 36265000000.0,
            "investments": 1157000000.0,
            "long_term_investments": 192000000.0,
            "short_term_investments": 618000000.0,
            "other_current_assets": 1000000.0,
            "other_non_current_assets": null,
            "total_liabilities": 106452000000.0,
            "total_current_liabilities": 38227000000.0,
            "current_accounts_payable": 6558000000.0,
            "deferred_revenue": 14610000000.0,
            "current_debt": 10207000000.0,
            "short_term_debt": 10207000000.0,
            "total_non_current_liabilities": 76767000000.0,
            "capital_lease_obligations": null,
            "long_term_debt": 42656000000.0,
            "current_long_term_debt": 7051000000.0,
            "long_term_debt_non_current": 35605000000.0,
            "short_long_term_debt_total": 52863000000.0,
            "other_current_liabilities": 10297000000.0,
            "other_non_current_liabilities": 12174000000.0,
            "total_shareholder_equity": 16796000000.0,
            "treasury_stock": 168071000000.0,
            "retained_earnings": 159206000000.0,
            "common_stock": 55151000000.0,
            "common_stock_shares_outstanding": 892479411.0
        },
        {
            "fiscal_date_ending": "2019-03-31",
            "reported_currency": "USD",
            "total_assets": 130926000000.0,
            "total_current_assets": 52705000000.0,
            "cash_and_cash_equivalents": 17134000000.0,
            "cash_and_short_term_investments": 18006000000.0,
            "inventory": 1771000000.0,
            "current_net_receivables": 27945000000.0,
            "total_non_current_assets": 65902000000.0,
            "property_plant_equipment": 10675000000.0,
            "accumulated_depreciation_amortization_ppe": 22017000000.0,
            "intangible_assets": 39237000000.0,
            "intangible_assets_excluding_goodwill": 2956000000.0,
            "goodwill": 36281000000.0,
            "investments": 872000000.0,
            "long_term_investments": 10764000000.0,
            "short_term_investments": 872000000.0,
            "other_current_assets": 4983000000.0,
            "other_non_current_assets": null,
            "total_liabilities": 114320000000.0,
            "total_current_liabilities": 38871000000.0,
            "current_accounts_payable": 5711000000.0,
            "deferred_revenue": null,
            "current_debt": 10250000000.0,
            "short_term_debt": 3144000000.0,
            "total_non_current_liabilities": 71859000000.0,
            "capital_lease_obligations": 4903000000.0,
            "long_term_debt": 46833000000.0,
            "current_long_term_debt": 7106000000.0,
            "long_term_debt_non_current": 39727000000.0,
            "short_long_term_debt_total": 49977000000.0,
            "other_current_liabilities": 9463000000.0,
            "other_non_current_liabilities": 12184000000.0,
            "total_shareholder_equity": 16481000000.0,
            "treasury_stock": 169021000000.0,
            "retained_earnings": 159396000000.0,
            "common_stock": 55287000000.0,
            "common_stock_shares_outstanding": 889581542.0
        },
        {
            "fiscal_date_ending": "2019-06-30",
            "reported_currency": "USD",
            "total_assets": 154652000000.0,
            "total_current_assets": 77517000000.0,
            "cash_and_cash_equivalents": 45399000000.0,
            "cash_and_short_term_investments": 46273000000.0,
            "inventory": 1745000000.0,
            "current_net_receivables": 24738000000.0,
            "total_non_current_assets": 74908000000.0,
            "property_plant_equipment": 10202000000.0,
            "accumulated_depreciation_amortization_ppe": 21641000000.0,
            "intangible_assets": 38012000000.0,
            "intangible_assets_excluding_goodwill": 2728000000.0,
            "goodwill": 35284000000.0,
            "investments": 874000000.0,
            "long_term_investments": 2228000000.0,
            "short_term_investments": 874000000.0,
            "other_current_assets": 4761000000.0,
            "other_non_current_assets": null,
            "total_liabilities": 136876000000.0,
            "total_current_liabilities": 42351000000.0,
            "current_accounts_payable": 4724000000.0,
            "deferred_revenue": 14735000000.0,
            "current_debt": 22443000000.0,
            "short_term_debt": 14594000000.0,
            "total_non_current_liabilities": 94526000000.0,
            "capital_lease_obligations": 5265000000.0,
            "long_term_debt": 64975000000.0,
            "current_long_term_debt": 6530000000.0,
            "long_term_debt_non_current": 58445000000.0,
            "short_long_term_debt_total": 79569000000.0,
            "other_current_liabilities": 10453000000.0,
            "other_non_current_liabilities": 12190000000.0,
            "total_shareholder_equity": 17645000000.0,
            "treasury_stock": 169385000000.0,
            "retained_earnings": 160467000000.0,
            "common_stock": 55404000000.0,
            "common_stock_shares_outstanding": 886300000.0
        },
        {
            "fiscal_date_ending": "2019-09-30",
            "reported_currency": "USD",
            "total_assets": 149620000000.0,
            "total_current_assets": 38121000000.0,
            "cash_and_cash_equivalents": 10087000000.0,
            "cash_and_short_term_investments": 10820000000.0,
            "inventory": 1712000000.0,
            "current_net_receivables": 20959000000.0,
            "total_non_current_assets": 109277000000.0,
            "property_plant_equipment": 10063000000.0,
            "accumulated_depreciation_amortization_ppe": 21608000000.0,
            "intangible_assets": 73564000000.0,
            "intangible_assets_excluding_goodwill": 15613000000.0,
            "goodwill": 57951000000.0,
            "investments": 733000000.0,
            "long_term_investments": 2221000000.0,
            "short_term_investments": 733000000.0,
            "other_current_assets": -1000000.0,
            "other_non_current_assets": null,
            "total_liabilities": 131524000000.0,
            "total_current_liabilities": 35066000000.0,
            "current_accounts_payable": 4042000000.0,
            "deferred_revenue": 14605000000.0,
            "current_debt": 15054000000.0,
            "short_term_debt": 8530000000.0,
            "total_non_current_liabilities": 96458000000.0,
            "capital_lease_obligations": 5167000000.0,
            "long_term_debt": 62944000000.0,
            "current_long_term_debt": 5147000000.0,
            "long_term_debt_non_current": 57797000000.0,
            "short_long_term_debt_total": 71474000000.0,
            "other_current_liabilities": 9894000000.0,
            "other_non_current_liabilities": 15564000000.0,
            "total_shareholder_equity": 17956000000.0,
            "treasury_stock": 169474000000.0,
            "retained_earnings": 160709000000.0,
            "common_stock": 55808000000.0,
            "common_stock_shares_outstanding": 886000000.0
        },
        {
            "fiscal_date_ending": "2019-12-31",
            "reported_currency": "USD",
            "total_assets": 152186000000.0,
            "total_current_assets": 38420000000.0,
            "cash_and_cash_equivalents": 8172000000.0,
            "cash_and_short_term_investments": 8868000000.0,
            "inventory": 1619000000.0,
            "current_net_receivables": 23795000000.0,
            "total_non_current_assets": 112878000000.0,
            "property_plant_equipment": 10010000000.0,
            "accumulated_depreciation_amortization_ppe": 22018000000.0,
            "intangible_assets": 73457000000.0,
            "intangible_assets_excluding_goodwill": 15235000000.0,
            "goodwill": 52471000000.0,
            "investments": 974000000.0,
            "long_term_investments": 184000000.0,
            "short_term_investments": 696000000.0,
            "other_current_assets": 4138000000.0,
            "other_non_current_assets": null,
            "total_liabilities": 131202000000.0,
            "total_current_liabilities": 37701000000.0,
            "current_accounts_payable": 4896000000.0,
            "deferred_revenue": 15877000000.0,
            "current_debt": 16319000000.0,
            "short_term_debt": 8797000000.0,
            "total_non_current_liabilities": 100877000000.0,
            "capital_lease_obligations": 5259000000.0,
            "long_term_debt": 65953000000.0,
            "current_long_term_debt": 7522000000.0,
            "long_term_debt_non_current": 54102000000.0,
            "short_long_term_debt_total": 132187000000.0,
            "other_current_liabilities": 10602000000.0,
            "other_non_current_liabilities": 14526000000.0,
            "total_shareholder_equity": 20841000000.0,
            "treasury_stock": 169413000000.0,
            "retained_earnings": 162954000000.0,
            "common_stock": 55895000000.0,
            "common_stock_shares_outstanding": 887110455.0
        },
        {
            "fiscal_date_ending": "2020-03-31",
            "reported_currency": "USD",
            "total_assets": 153403000000.0,
            "total_current_assets": 38931000000.0,
            "cash_and_cash_equivalents": 11218000000.0,
            "cash_and_short_term_investments": 11865000000.0,
            "inventory": 1786000000.0,
            "current_net_receivables": 20669000000.0,
            "total_non_current_assets": 112562000000.0,
            "property_plant_equipment": 9626000000.0,
            "accumulated_depreciation_amortization_ppe": 21464000000.0,
            "intangible_assets": 72183000000.0,
            "intangible_assets_excluding_goodwill": 14666000000.0,
            "goodwill": 57517000000.0,
            "investments": 647000000.0,
            "long_term_investments": 9619000000.0,
            "short_term_investments": 647000000.0,
            "other_current_assets": 2000000.0,
            "other_non_current_assets": null,
            "total_liabilities": 133275000000.0,
            "total_current_liabilities": 40673000000.0,
            "current_accounts_payable": 4172000000.0,
            "deferred_revenue": 17146000000.0,
            "current_debt": 19832000000.0,
            "short_term_debt": 11642000000.0,
            "total_non_current_liabilities": 88802000000.0,
            "capital_lease_obligations": 5126000000.0,
            "long_term_debt": 64950000000.0,
            "current_long_term_debt": 8190000000.0,
            "long_term_debt_non_current": 52685000000.0,
            "short_long_term_debt_total": 127712000000.0,
            "other_current_liabilities": 10155000000.0,
            "other_non_current_liabilities": 15874000000.0,
            "total_shareholder_equity": 19999000000.0,
            "treasury_stock": 169437000000.0,
            "retained_earnings": 162626000000.0,
            "common_stock": 56092000000.0,
            "common_stock_shares_outstanding": 888000000.0
        },
        {
            "fiscal_date_ending": "2020-06-30",
            "reported_currency": "USD",
            "total_assets": 154200000000.0,
            "total_current_assets": 39953000000.0,
            "cash_and_cash_equivalents": 12041000000.0,
            "cash_and_short_term_investments": 14104000000.0,
            "inventory": 1869000000.0,
            "current_net_receivables": 19447000000.0,
            "total_non_current_assets": 112325000000.0,
            "property_plant_equipment": 9709000000.0,
            "accumulated_depreciation_amortization_ppe": 21957000000.0,
            "intangible_assets": 72103000000.0,
            "intangible_assets_excluding_goodwill": 14270000000.0,
            "goodwill": 57833000000.0,
            "investments": 2063000000.0,
            "long_term_investments": 9272000000.0,
            "short_term_investments": 2063000000.0,
            "other_current_assets": -1000000.0,
            "other_non_current_assets": null,
            "total_liabilities": 133512000000.0,
            "total_current_liabilities": 38442000000.0,
            "current_accounts_payable": 4719000000.0,
            "deferred_revenue": 16256000000.0,
            "current_debt": 17733000000.0,
            "short_term_debt": 9289000000.0,
            "total_non_current_liabilities": 95069000000.0,
            "capital_lease_obligations": 5027000000.0,
            "long_term_debt": 70044000000.0,
            "current_long_term_debt": 8444000000.0,
            "long_term_debt_non_current": 55449000000.0,
            "short_long_term_debt_total": 98574000000.0,
            "other_current_liabilities": 10622000000.0,
            "other_non_current_liabilities": 15666000000.0,
            "total_shareholder_equity": 20551000000.0,
            "treasury_stock": 169386000000.0,
            "retained_earnings": 162559000000.0,
            "common_stock": 56135000000.0,
            "common_stock_shares_outstanding": 889400000.0
        },
        {
            "fiscal_date_ending": "2020-09-30",
            "reported_currency": "USD",
            "total_assets": 154128000000.0,
            "total_current_assets": 39845000000.0,
            "cash_and_cash_equivalents": 14393000000.0,
            "cash_and_short_term_investments": 15593000000.0,
            "inventory": 1949000000.0,
            "current_net_receivables": 17870000000.0,
            "total_non_current_assets": 112339000000.0,
            "property_plant_equipment": 9958000000.0,
            "accumulated_depreciation_amortization_ppe": 22474000000.0,
            "intangible_assets": 72317000000.0,
            "intangible_assets_excluding_goodwill": 13962000000.0,
            "goodwill": 58355000000.0,
            "investments": 1200000000.0,
            "long_term_investments": 8367000000.0,
            "short_term_investments": 1200000000.0,
            "other_current_assets": 1000000.0,
            "other_non_current_assets": null,
            "total_liabilities": 132794000000.0,
            "total_current_liabilities": 37993000000.0,
            "current_accounts_payable": 3985000000.0,
            "deferred_revenue": 15501000000.0,
            "current_debt": 19962000000.0,
            "short_term_debt": 10285000000.0,
            "total_non_current_liabilities": 94800000000.0,
            "capital_lease_obligations": 4971000000.0,
            "long_term_debt": 71460000000.0,
            "current_long_term_debt": 9677000000.0,
            "long_term_debt_non_current": 55129000000.0,
            "short_long_term_debt_total": 100934000000.0,
            "other_current_liabilities": 10706000000.0,
            "other_non_current_liabilities": 15484000000.0,
            "total_shareholder_equity": 21208000000.0,
            "treasury_stock": 169380000000.0,
            "retained_earnings": 162806000000.0,
            "common_stock": 56366000000.0,
            "common_stock_shares_outstanding": 891400000.0
        },
        {
            "fiscal_date_ending": "2020-12-31",
            "reported_currency": "USD",
            "total_assets": 155971000000.0,
            "total_current_assets": 39165000000.0,
            "cash_and_cash_equivalents": 13188000000.0,
            "cash_and_short_term_investments": 13812000000.0,
            "inventory": 1812000000.0,
            "current_net_receivables": 18738000000.0,
            "total_non_current_assets": 115864000000.0,
            "property_plant_equipment": 6205000000.0,
            "accumulated_depreciation_amortization_ppe": 13895000000.0,
            "intangible_assets": 73413000000.0,
            "intangible_assets_excluding_goodwill": 13796000000.0,
            "goodwill": 53765000000.0,
            "investments": 923000000.0,
            "long_term_investments": 172000000.0,
            "short_term_investments": 600000000.0,
            "other_current_assets": 4776000000.0,
            "other_non_current_assets": null,
            "total_liabilities": 135244000000.0,
            "total_current_liabilities": 39869000000.0,
            "current_accounts_payable": 4033000000.0,
            "deferred_revenue": 17134000000.0,
            "current_debt": 14102000000.0,
            "short_term_debt": 7116000000.0,
            "total_non_current_liabilities": 106679000000.0,
            "capital_lease_obligations": 60000000.0,
            "long_term_debt": 68416000000.0,
            "current_long_term_debt": 6956000000.0,
            "long_term_debt_non_current": 54217000000.0,
            "short_long_term_debt_total": 130178000000.0,
            "other_current_liabilities": 13588000000.0,
            "other_non_current_liabilities": 14180000000.0,
            "total_shareholder_equity": 20597000000.0,
            "treasury_stock": 169339000000.0,
            "retained_earnings": 162717000000.0,
            "common_stock": 56556000000.0,
            "common_stock_shares_outstanding": 892653424.0
        },
        {
            "fiscal_date_ending": "2021-03-31",
            "reported_currency": "USD",
            "total_assets": 148629000000.0,
            "total_current_assets": 34038000000.0,
            "cash_and_cash_equivalents": 10531000000.0,
            "cash_and_short_term_investments": 11131000000.0,
            "inventory": 1828000000.0,
            "current_net_receivables": 16067000000.0,
            "total_non_current_assets": 112465000000.0,
            "property_plant_equipment": 9452000000.0,
            "accumulated_depreciation_amortization_ppe": 22817000000.0,
            "intangible_assets": 73519000000.0,
            "intangible_assets_excluding_goodwill": 13535000000.0,
            "goodwill": 59984000000.0,
            "investments": 600000000.0,
            "long_term_investments": 8047000000.0,
            "short_term_investments": 600000000.0,
            "other_current_assets": 5012000000.0,
            "other_non_current_assets": null,
            "total_liabilities": 127116000000.0,
            "total_current_liabilities": 36542000000.0,
            "current_accounts_payable": 4140000000.0,
            "deferred_revenue": 18350000000.0,
            "current_debt": 10360000000.0,
            "short_term_debt": 5198000000.0,
            "total_non_current_liabilities": 90573000000.0,
            "capital_lease_obligations": 4716000000.0,
            "long_term_debt": 61124000000.0,
            "current_long_term_debt": 5162000000.0,
            "long_term_debt_non_current": 51206000000.0,
            "short_long_term_debt_total": 83548000000.0,
            "other_current_liabilities": 11670000000.0,
            "other_non_current_liabilities": 14489000000.0,
            "total_shareholder_equity": 21389000000.0,
            "treasury_stock": 169360000000.0,
            "retained_earnings": 162218000000.0,
            "common_stock": 56788000000.0,
            "common_stock_shares_outstanding": 893630916.0
        },
        {
            "fiscal_date_ending": "2021-06-30",
            "reported_currency": "USD",
            "total_assets": 146814000000.0,
            "total_current_assets": 30774000000.0,
            "cash_and_cash_equivalents": 7350000000.0,
            "cash_and_short_term_investments": 7350000000.0,
            "inventory": 1807000000.0,
            "current_net_receivables": 15823000000.0,
            "total_non_current_assets": 114030000000.0,
            "property_plant_equipment": 9423000000.0,
            "accumulated_depreciation_amortization_ppe": 23152000000.0,
            "intangible_assets": 75184000000.0,
            "intangible_assets_excluding_goodwill": 13539000000.0,
            "goodwill": 61645000000.0,
            "investments": null,
            "long_term_investments": 2010000000.0,
            "short_term_investments": 600000000.0,
            "other_current_assets": 5194000000.0,
            "other_non_current_assets": null,
            "total_liabilities": 124747000000.0,
            "total_current_liabilities": 36616000000.0,
            "current_accounts_payable": 4214000000.0,
            "deferred_revenue": 17385000000.0,
            "current_debt": 12848000000.0,
            "short_term_debt": 6442000000.0,
            "total_non_current_liabilities": 88132000000.0,
            "capital_lease_obligations": 4612000000.0,
            "long_term_debt": 60637000000.0,
            "current_long_term_debt": 6406000000.0,
            "long_term_debt_non_current": 48735000000.0,
            "short_long_term_debt_total": 83835000000.0,
            "other_current_liabilities": 11354000000.0,
            "other_non_current_liabilities": 14741000000.0,
            "total_shareholder_equity": 21942000000.0,
            "treasury_stock": 169404000000.0,
            "retained_earnings": 162086000000.0,
            "common_stock": 56912000000.0,
            "common_stock_shares_outstanding": 895043024.0
        },
        {
            "fiscal_date_ending": "2021-09-30",
            "reported_currency": "USD",
            "total_assets": 144214000000.0,
            "total_current_assets": 29967000000.0,
            "cash_and_cash_equivalents": 7455000000.0,
            "cash_and_short_term_investments": 7455000000.0,
            "inventory": 1891000000.0,
            "current_net_receivables": 14669000000.0,
            "total_non_current_assets": 112252000000.0,
            "property_plant_equipment": 9138000000.0,
            "accumulated_depreciation_amortization_ppe": 23211000000.0,
            "intangible_assets": 74403000000.0,
            "intangible_assets_excluding_goodwill": 13025000000.0,
            "goodwill": 61378000000.0,
            "investments": null,
            "long_term_investments": 1996000000.0,
            "short_term_investments": 600000000.0,
            "other_current_assets": 5352000000.0,
            "other_non_current_assets": null,
            "total_liabilities": 121858000000.0,
            "total_current_liabilities": 35832000000.0,
            "current_accounts_payable": 4248000000.0,
            "deferred_revenue": 16229000000.0,
            "current_debt": 14207000000.0,
            "short_term_debt": 7575000000.0,
            "total_non_current_liabilities": 86026000000.0,
            "capital_lease_obligations": 4477000000.0,
            "long_term_debt": 58782000000.0,
            "current_long_term_debt": 6632000000.0,
            "long_term_debt_non_current": 46926000000.0,
            "short_long_term_debt_total": 83307000000.0,
            "other_current_liabilities": 10460000000.0,
            "other_non_current_liabilities": 15179000000.0,
            "total_shareholder_equity": 22228000000.0,
            "treasury_stock": 169406000000.0,
            "retained_earnings": 161747000000.0,
            "common_stock": 57189000000.0,
            "common_stock_shares_outstanding": 897097073.0
        },
        {
            "fiscal_date_ending": "2021-12-31",
            "reported_currency": "USD",
            "total_assets": 132001000000.0,
            "total_current_assets": 29539000000.0,
            "cash_and_cash_equivalents": 6650000000.0,
            "cash_and_short_term_investments": 6650000000.0,
            "inventory": 1649000000.0,
            "current_net_receivables": 14977000000.0,
            "total_non_current_assets": 101786000000.0,
            "property_plant_equipment": 5694000000.0,
            "accumulated_depreciation_amortization_ppe": 14390000000.0,
            "intangible_assets": 68154000000.0,
            "intangible_assets_excluding_goodwill": 12511000000.0,
            "goodwill": 55643000000.0,
            "investments": 199000000.0,
            "long_term_investments": 159000000.0,
            "short_term_investments": 600000000.0,
            "other_current_assets": 5663000000.0,
            "other_non_current_assets": null,
            "total_liabilities": 113005000000.0,
            "total_current_liabilities": 33619000000.0,
            "current_accounts_payable": 3955000000.0,
            "deferred_revenue": 16095000000.0,
            "current_debt": 13551000000.0,
            "short_term_debt": 6787000000.0,
            "total_non_current_liabilities": 90188000000.0,
            "capital_lease_obligations": 63000000.0,
            "long_term_debt": 56193000000.0,
            "current_long_term_debt": 6728000000.0,
            "long_term_debt_non_current": 44917000000.0,
            "short_long_term_debt_total": 110496000000.0,
            "other_current_liabilities": 9385000000.0,
            "other_non_current_liabilities": 13996000000.0,
            "total_shareholder_equity": 18901000000.0,
            "treasury_stock": 169392000000.0,
            "retained_earnings": 154209000000.0,
            "common_stock": 57319000000.0,
            "common_stock_shares_outstanding": 898068600.0
        },
        {
            "fiscal_date_ending": "2022-03-31",
            "reported_currency": "USD",
            "total_assets": 133275000000.0,
            "total_current_assets": 31330000000.0,
            "cash_and_cash_equivalents": 9934000000.0,
            "cash_and_short_term_investments": 9934000000.0,
            "inventory": 1776000000.0,
            "current_net_receivables": 13725000000.0,
            "total_non_current_assets": 100173000000.0,
            "property_plant_equipment": 5559000000.0,
            "accumulated_depreciation_amortization_ppe": 14448000000.0,
            "intangible_assets": 68418000000.0,
            "intangible_assets_excluding_goodwill": 12312000000.0,
            "goodwill": 56106000000.0,
            "investments": null,
            "long_term_investments": 1771000000.0,
            "short_term_investments": 550000000.0,
            "other_current_assets": -2000000.0,
            "other_non_current_assets": null,
            "total_liabilities": 114162000000.0,
            "total_current_liabilities": 34056000000.0,
            "current_accounts_payable": 3453000000.0,
            "deferred_revenue": 16949000000.0,
            "current_debt": 15366000000.0,
            "short_term_debt": 7690000000.0,
            "total_non_current_liabilities": 80107000000.0,
            "capital_lease_obligations": 3312000000.0,
            "long_term_debt": 55572000000.0,
            "current_long_term_debt": 7676000000.0,
            "long_term_debt_non_current": 46545000000.0,
            "short_long_term_debt_total": 81434000000.0,
            "other_current_liabilities": 8433000000.0,
            "other_non_current_liabilities": 13844000000.0,
            "total_shareholder_equity": 19050000000.0,
            "treasury_stock": 169422000000.0,
            "retained_earnings": 153401000000.0,
            "common_stock": 57603000000.0,
            "common_stock_shares_outstanding": 899316026.0
        },
        {
            "fiscal_date_ending": "2022-06-30",
            "reported_currency": "USD",
            "total_assets": 127503000000.0,
            "total_current_assets": 27896000000.0,
            "cash_and_cash_equivalents": 7034000000.0,
            "cash_and_short_term_investments": 7034000000.0,
            "inventory": 1684000000.0,
            "current_net_receivables": 6626000000.0,
            "total_non_current_assets": 97917000000.0,
            "property_plant_equipment": 5275000000.0,
            "accumulated_depreciation_amortization_ppe": 13804000000.0,
            "intangible_assets": 66610000000.0,
            "intangible_assets_excluding_goodwill": 11571000000.0,
            "goodwill": 55039000000.0,
            "investments": null,
            "long_term_investments": 1689000000.0,
            "short_term_investments": 524000000.0,
            "other_current_assets": 1000000.0,
            "other_non_current_assets": null,
            "total_liabilities": 108026000000.0,
            "total_current_liabilities": 31844000000.0,
            "current_accounts_payable": 3707000000.0,
            "deferred_revenue": 15591000000.0,
            "current_debt": 11733000000.0,
            "short_term_debt": 5981000000.0,
            "total_non_current_liabilities": 76183000000.0,
            "capital_lease_obligations": 3066000000.0,
            "long_term_debt": 47895000000.0,
            "current_long_term_debt": 5752000000.0,
            "long_term_debt_non_current": 44328000000.0,
            "short_long_term_debt_total": 75151000000.0,
            "other_current_liabilities": 8750000000.0,
            "other_non_current_liabilities": 13486000000.0,
            "total_shareholder_equity": 19409000000.0,
            "treasury_stock": 169522000000.0,
            "retained_earnings": 153298000000.0,
            "common_stock": 57802000000.0,
            "common_stock_shares_outstanding": 901500000.0
        },
        {
            "fiscal_date_ending": "2022-09-30",
            "reported_currency": "USD",
            "total_assets": 125850000000.0,
            "total_current_assets": 28999000000.0,
            "cash_and_cash_equivalents": 7816000000.0,
            "cash_and_short_term_investments": 7816000000.0,
            "inventory": 1794000000.0,
            "current_net_receivables": 6289000000.0,
            "total_non_current_assets": 95237000000.0,
            "property_plant_equipment": 5150000000.0,
            "accumulated_depreciation_amortization_ppe": 13525000000.0,
            "intangible_assets": 65185000000.0,
            "intangible_assets_excluding_goodwill": 10967000000.0,
            "goodwill": 54218000000.0,
            "investments": null,
            "long_term_investments": 1614000000.0,
            "short_term_investments": 1753000000.0,
            "other_current_assets": 1000000.0,
            "other_non_current_assets": null,
            "total_liabilities": 105703000000.0,
            "total_current_liabilities": 30466000000.0,
            "current_accounts_payable": 3806000000.0,
            "deferred_revenue": 14157000000.0,
            "current_debt": 11678000000.0,
            "short_term_debt": 5937000000.0,
            "total_non_current_liabilities": 75236000000.0,
            "capital_lease_obligations": 2947000000.0,
            "long_term_debt": 46685000000.0,
            "current_long_term_debt": 5741000000.0,
            "long_term_debt_non_current": 44942000000.0,
            "short_long_term_debt_total": 76684000000.0,
            "other_current_liabilities": 8740000000.0,
            "other_non_current_liabilities": 13413000000.0,
            "total_shareholder_equity": 20076000000.0,
            "treasury_stock": 169514000000.0,
            "retained_earnings": 148611000000.0,
            "common_stock": 58117000000.0,
            "common_stock_shares_outstanding": 904076831.0
        },
        {
            "fiscal_date_ending": "2022-12-31",
            "reported_currency": "USD",
            "total_assets": 127243000000.0,
            "total_current_assets": 29118000000.0,
            "cash_and_cash_equivalents": 7886000000.0,
            "cash_and_short_term_investments": 7886000000.0,
            "inventory": 1552000000.0,
            "current_net_receivables": 14209000000.0,
            "total_non_current_assets": 96874000000.0,
            "property_plant_equipment": 5334000000.0,
            "accumulated_depreciation_amortization_ppe": 13361000000.0,
            "intangible_assets": 67133000000.0,
            "intangible_assets_excluding_goodwill": 11184000000.0,
            "goodwill": 55949000000.0,
            "investments": 142000000.0,
            "long_term_investments": 142000000.0,
            "short_term_investments": 852000000.0,
            "other_current_assets": 2610000000.0,
            "other_non_current_assets": null,
            "total_liabilities": 105222000000.0,
            "total_current_liabilities": 31505000000.0,
            "current_accounts_payable": 4051000000.0,
            "deferred_revenue": 15531000000.0,
            "current_debt": 9511000000.0,
            "short_term_debt": 4760000000.0,
            "total_non_current_liabilities": 83414000000.0,
            "capital_lease_obligations": 164000000.0,
            "long_term_debt": 47190000000.0,
            "current_long_term_debt": 4676000000.0,
            "long_term_debt_non_current": 46189000000.0,
            "short_long_term_debt_total": 107759000000.0,
            "other_current_liabilities": 9788000000.0,
            "other_non_current_liabilities": 12243000000.0,
            "total_shareholder_equity": 21944000000.0,
            "treasury_stock": 169484000000.0,
            "retained_earnings": 149825000000.0,
            "common_stock": 58343000000.0,
            "common_stock_shares_outstanding": 906091977.0
        },
        {
            "fiscal_date_ending": "2023-03-31",
            "reported_currency": "USD",
            "total_assets": 133637000000.0,
            "total_current_assets": 35982000000.0,
            "cash_and_cash_equivalents": 9337000000.0,
            "cash_and_short_term_investments": 9337000000.0,
            "inventory": 1603000000.0,
            "current_net_receivables": 12626000000.0,
            "total_non_current_assets": 96048000000.0,
            "property_plant_equipment": 5344000000.0,
            "accumulated_depreciation_amortization_ppe": 13417000000.0,
            "intangible_assets": 67098000000.0,
            "intangible_assets_excluding_goodwill": 10905000000.0,
            "goodwill": 56193000000.0,
            "investments": null,
            "long_term_investments": 1607000000.0,
            "short_term_investments": 8057000000.0,
            "other_current_assets": 2501000000.0,
            "other_non_current_assets": null,
            "total_liabilities": 111964000000.0,
            "total_current_liabilities": 30993000000.0,
            "current_accounts_payable": 3728000000.0,
            "deferred_revenue": 16663000000.0,
            "current_debt": 9768000000.0,
            "short_term_debt": 4887000000.0,
            "total_non_current_liabilities": 80971000000.0,
            "capital_lease_obligations": 2963000000.0,
            "long_term_debt": 55692000000.0,
            "current_long_term_debt": 4881000000.0,
            "long_term_debt_non_current": 53826000000.0,
            "short_long_term_debt_total": 86257000000.0,
            "other_current_liabilities": 8289000000.0,
            "other_non_current_liabilities": 12099000000.0,
            "total_shareholder_equity": 21604000000.0,
            "treasury_stock": 169544000000.0,
            "retained_earnings": 149253000000.0,
            "common_stock": 58675000000.0,
            "common_stock_shares_outstanding": 907500000.0
        },
        {
            "fiscal_date_ending": "2023-06-30",
            "reported_currency": "USD",
            "total_assets": 132213000000.0,
            "total_current_assets": 34458000000.0,
            "cash_and_cash_equivalents": 9394000000.0,
            "cash_and_short_term_investments": 9394000000.0,
            "inventory": 1501000000.0,
            "current_net_receivables": 6368000000.0,
            "total_non_current_assets": 96170000000.0,
            "property_plant_equipment": 5443000000.0,
            "accumulated_depreciation_amortization_ppe": 13145000000.0,
            "intangible_assets": 66881000000.0,
            "intangible_assets_excluding_goodwill": 10496000000.0,
            "goodwill": 56385000000.0,
            "investments": null,
            "long_term_investments": 1585000000.0,
            "short_term_investments": 6904000000.0,
            "other_current_assets": 2731000000.0,
            "other_non_current_assets": null,
            "total_liabilities": 109942000000.0,
            "total_current_liabilities": 32513000000.0,
            "current_accounts_payable": 3732000000.0,
            "deferred_revenue": 15976000000.0,
            "current_debt": 13565000000.0,
            "short_term_debt": 6785000000.0,
            "total_non_current_liabilities": 77429000000.0,
            "capital_lease_obligations": 2828000000.0,
            "long_term_debt": 54030000000.0,
            "current_long_term_debt": 6780000000.0,
            "long_term_debt_non_current": 50691000000.0,
            "short_long_term_debt_total": 87088000000.0,
            "other_current_liabilities": 8442000000.0,
            "other_non_current_liabilities": 12103000000.0,
            "total_shareholder_equity": 22201000000.0,
            "treasury_stock": 169581000000.0,
            "retained_earnings": 149318000000.0,
            "common_stock": 58963000000.0,
            "common_stock_shares_outstanding": 909855943.0
        },
        {
            "fiscal_date_ending": "2023-09-30",
            "reported_currency": "USD",
            "total_assets": 129321000000.0,
            "total_current_assets": 27705000000.0,
            "cash_and_cash_equivalents": 7257000000.0,
            "cash_and_short_term_investments": 7257000000.0,
            "inventory": 1399000000.0,
            "current_net_receivables": 6039000000.0,
            "total_non_current_assets": 100035000000.0,
            "property_plant_equipment": 5369000000.0,
            "accumulated_depreciation_amortization_ppe": 12848000000.0,
            "intangible_assets": 70874000000.0,
            "intangible_assets_excluding_goodwill": 11278000000.0,
            "goodwill": 59596000000.0,
            "investments": null,
            "long_term_investments": null,
            "short_term_investments": 3721000000.0,
            "other_current_assets": 2581000000.0,
            "other_non_current_assets": null,
            "total_liabilities": 106165000000.0,
            "total_current_liabilities": 30606000000.0,
            "current_accounts_payable": 3342000000.0,
            "deferred_revenue": 15002000000.0,
            "current_debt": 12814000000.0,
            "short_term_debt": 6414000000.0,
            "total_non_current_liabilities": 75560000000.0,
            "capital_lease_obligations": 3283000000.0,
            "long_term_debt": 50664000000.0,
            "current_long_term_debt": 6400000000.0,
            "long_term_debt_non_current": 48828000000.0,
            "short_long_term_debt_total": 84575000000.0,
            "other_current_liabilities": 8126000000.0,
            "other_non_current_liabilities": 12081000000.0,
            "total_shareholder_equity": 23081000000.0,
            "treasury_stock": 169640000000.0,
            "retained_earnings": 149506000000.0,
            "common_stock": 59313000000.0,
            "common_stock_shares_outstanding": 912800000.0
        },
        {
            "fiscal_date_ending": "2023-12-31",
            "reported_currency": "USD",
            "total_assets": 135241000000.0,
            "total_current_assets": 32908000000.0,
            "cash_and_cash_equivalents": 13068000000.0,
            "cash_and_short_term_investments": 13068000000.0,
            "inventory": 1161000000.0,
            "current_net_receivables": 7725000000.0,
            "total_non_current_assets": 101302000000.0,
            "property_plant_equipment": -472000000.0,
            "accumulated_depreciation_amortization_ppe": null,
            "intangible_assets": 71214000000.0,
            "intangible_assets_excluding_goodwill": 11036000000.0,
            "goodwill": 60178000000.0,
            "investments": 125000000.0,
            "long_term_investments": 125000000.0,
            "short_term_investments": 373000000.0,
            "other_current_assets": 12860000000.0,
            "other_non_current_assets": null,
            "total_liabilities": 112628000000.0,
            "total_current_liabilities": 34122000000.0,
            "current_accounts_payable": 4132000000.0,
            "deferred_revenue": 16984000000.0,
            "current_debt": 12851000000.0,
            "short_term_debt": 6426000000.0,
            "total_non_current_liabilities": 87072000000.0,
            "capital_lease_obligations": 379000000.0,
            "long_term_debt": 54588000000.0,
            "current_long_term_debt": 6304000000.0,
            "long_term_debt_non_current": 50121000000.0,
            "short_long_term_debt_total": 120630000000.0,
            "other_current_liabilities": 6203000000.0,
            "other_non_current_liabilities": 11475000000.0,
            "total_shareholder_equity": 22533000000.0,
            "treasury_stock": 169624000000.0,
            "retained_earnings": 151276000000.0,
            "common_stock": 59643000000.0,
            "common_stock_shares_outstanding": 915013646.0
        },
        {
            "fiscal_date_ending": "2024-03-31",
            "reported_currency": "USD",
            "total_assets": 137169000000.0,
            "total_current_assets": 36663000000.0,
            "cash_and_cash_equivalents": 14603000000.0,
            "cash_and_short_term_investments": 14603000000.0,
            "inventory": 1212000000.0,
            "current_net_receivables": 6676000000.0,
            "total_non_current_assets": 93235000000.0,
            "property_plant_equipment": 5594000000.0,
            "accumulated_depreciation_amortization_ppe": null,
            "intangible_assets": 70284000000.0,
            "intangible_assets_excluding_goodwill": 10750000000.0,
            "goodwill": 59534000000.0,
            "investments": null,
            "long_term_investments": null,
            "short_term_investments": 4512000000.0,
            "other_current_assets": 4227000000.0,
            "other_non_current_assets": null,
            "total_liabilities": 113836000000.0,
            "total_current_liabilities": 32397000000.0,
            "current_accounts_payable": 3588000000.0,
            "deferred_revenue": 17539000000.0,
            "current_debt": 10940000000.0,
            "short_term_debt": 5471000000.0,
            "total_non_current_liabilities": 81439000000.0,
            "capital_lease_obligations": 3367000000.0,
            "long_term_debt": 57125000000.0,
            "current_long_term_debt": 5469000000.0,
            "long_term_debt_non_current": 54033000000.0,
            "short_long_term_debt_total": 86750000000.0,
            "other_current_liabilities": 6009000000.0,
            "other_non_current_liabilities": 10914000000.0,
            "total_shareholder_equity": 23261000000.0,
            "treasury_stock": 169759000000.0,
            "retained_earnings": 151362000000.0,
            "common_stock": 60145000000.0,
            "common_stock_shares_outstanding": 917200000.0
        },
        {
            "fiscal_date_ending": "2024-09-30",
            "reported_currency": "USD",
            "total_assets": 134339000000.0,
            "total_current_assets": 30543000000.0,
            "cash_and_cash_equivalents": 13197000000.0,
            "cash_and_short_term_investments": 13197000000.0,
            "inventory": 1367000000.0,
            "current_net_receivables": 6203000000.0,
            "total_non_current_assets": 96174000000.0,
            "property_plant_equipment": 5614000000.0,
            "accumulated_depreciation_amortization_ppe": null,
            "intangible_assets": 72182000000.0,
            "intangible_assets_excluding_goodwill": 11090000000.0,
            "goodwill": 61092000000.0,
            "investments": null,
            "long_term_investments": null,
            "short_term_investments": 505000000.0,
            "other_current_assets": 1836000000.0,
            "other_non_current_assets": null,
            "total_liabilities": 109809000000.0,
            "total_current_liabilities": 28853000000.0,
            "current_accounts_payable": 3274000000.0,
            "deferred_revenue": 16548000000.0,
            "current_debt": 7189000000.0,
            "short_term_debt": 3599000000.0,
            "total_non_current_liabilities": 80955000000.0,
            "capital_lease_obligations": 3547000000.0,
            "long_term_debt": 55308000000.0,
            "current_long_term_debt": 3590000000.0,
            "long_term_debt_non_current": 52980000000.0,
            "short_long_term_debt_total": 82312000000.0,
            "other_current_liabilities": 5934000000.0,
            "other_non_current_liabilities": 11186000000.0,
            "total_shareholder_equity": 24448000000.0,
            "treasury_stock": 169935000000.0,
            "retained_earnings": 149789000000.0,
            "common_stock": 61013000000.0,
            "common_stock_shares_outstanding": 923600000.0
        },
        {
            "fiscal_date_ending": "2024-12-31",
            "reported_currency": "USD",
            "total_assets": 137175000000.0,
            "total_current_assets": 34482000000.0,
            "cash_and_cash_equivalents": 13947000000.0,
            "cash_and_short_term_investments": 13947000000.0,
            "inventory": 1289000000.0,
            "current_net_receivables": 7642000000.0,
            "total_non_current_assets": 101992000000.0,
            "property_plant_equipment": -979000000.0,
            "accumulated_depreciation_amortization_ppe": null,
            "intangible_assets": 71366000000.0,
            "intangible_assets_excluding_goodwill": 10660000000.0,
            "goodwill": 60706000000.0,
            "investments": 108000000.0,
            "long_term_investments": 108000000.0,
            "short_term_investments": 644000000.0,
            "other_current_assets": 11798000000.0,
            "other_non_current_assets": null,
            "total_liabilities": 109783000000.0,
            "total_current_liabilities": 33142000000.0,
            "current_accounts_payable": 4032000000.0,
            "deferred_revenue": 17529000000.0,
            "current_debt": 10148000000.0,
            "short_term_debt": 5089000000.0,
            "total_non_current_liabilities": 84988000000.0,
            "capital_lease_obligations": 803000000.0,
            "long_term_debt": 52250000000.0,
            "current_long_term_debt": 4861000000.0,
            "long_term_debt_non_current": 49884000000.0,
            "short_long_term_debt_total": 116320000000.0,
            "other_current_liabilities": 6545000000.0,
            "other_non_current_liabilities": 11048000000.0,
            "total_shareholder_equity": 27307000000.0,
            "treasury_stock": 169968000000.0,
            "retained_earnings": 151163000000.0,
            "common_stock": 61380000000.0,
            "common_stock_shares_outstanding": 926290070.0
        }
    ],
    "total_quarters": 62,
    "date_range": {
        "start": "2009-06-30",
        "end": "2024-12-31"
    }
}