{
    "symbol": "AMD",
    "quarterly_reports": [
        {
            "fiscal_date_ending": "2010-09-30",
            "reported_currency": "USD",
            "gross_profit": 739000000.0,
            "total_revenue": 1562000000.0,
            "cost_of_revenue": 1131000000.0,
            "cost_of_goods_and_services_sold": 879000000.0,
            "operating_income": 128000000.0,
            "selling_general_and_administrative": 236000000.0,
            "research_and_development": 359000000.0,
            "operating_expenses": 667000000.0,
            "investment_income_net": 3000000.0,
            "net_interest_income": -56000000.0,
            "interest_income": null,
            "interest_expense": 56000000.0,
            "non_interest_income": null,
            "other_non_operating_income": -6000000.0,
            "depreciation": null,
            "depreciation_and_amortization": 95000000.0,
            "income_before_tax": -117000000.0,
            "income_tax_expense": 1000000.0,
            "interest_and_debt_expense": 56000000.0,
            "net_income_from_continuing_operations": -118000000.0,
            "comprehensive_income_net_of_tax": -113000000.0,
            "ebit": 128000000.0,
            "ebitda": 223000000.0,
            "net_income": -118000000.0
        },
        {
            "fiscal_date_ending": "2010-12-31",
            "reported_currency": "USD",
            "gross_profit": 743000000.0,
            "total_revenue": 1610000000.0,
            "cost_of_revenue": 873000000.0,
            "cost_of_goods_and_services_sold": 906000000.0,
            "operating_income": 413000000.0,
            "selling_general_and_administrative": 250000000.0,
            "research_and_development": 352000000.0,
            "operating_expenses": 358000000.0,
            "investment_income_net": 2000000.0,
            "net_interest_income": -39000000.0,
            "interest_income": null,
            "interest_expense": 39000000.0,
            "non_interest_income": null,
            "other_non_operating_income": 14000000.0,
            "depreciation": null,
            "depreciation_and_amortization": 89000000.0,
            "income_before_tax": 417000000.0,
            "income_tax_expense": 42000000.0,
            "interest_and_debt_expense": 39000000.0,
            "net_income_from_continuing_operations": 375000000.0,
            "comprehensive_income_net_of_tax": 364000000.0,
            "ebit": 413000000.0,
            "ebitda": 502000000.0,
            "net_income": 375000000.0
        },
        {
            "fiscal_date_ending": "2011-03-31",
            "reported_currency": "USD",
            "gross_profit": 691000000.0,
            "total_revenue": 1565000000.0,
            "cost_of_revenue": 1183000000.0,
            "cost_of_goods_and_services_sold": 922000000.0,
            "operating_income": 54000000.0,
            "selling_general_and_administrative": 261000000.0,
            "research_and_development": 367000000.0,
            "operating_expenses": 676000000.0,
            "investment_income_net": 3000000.0,
            "net_interest_income": -48000000.0,
            "interest_income": null,
            "interest_expense": 48000000.0,
            "non_interest_income": null,
            "other_non_operating_income": 11000000.0,
            "depreciation": null,
            "depreciation_and_amortization": 88000000.0,
            "income_before_tax": 512000000.0,
            "income_tax_expense": 2000000.0,
            "interest_and_debt_expense": 48000000.0,
            "net_income_from_continuing_operations": 510000000.0,
            "comprehensive_income_net_of_tax": 511000000.0,
            "ebit": 560000000.0,
            "ebitda": 142000000.0,
            "net_income": 510000000.0
        },
        {
            "fiscal_date_ending": "2011-06-30",
            "reported_currency": "USD",
            "gross_profit": 720000000.0,
            "total_revenue": 1527000000.0,
            "cost_of_revenue": 1093000000.0,
            "cost_of_goods_and_services_sold": 854000000.0,
            "operating_income": 105000000.0,
            "selling_general_and_administrative": 239000000.0,
            "research_and_development": 367000000.0,
            "operating_expenses": 653000000.0,
            "investment_income_net": 2000000.0,
            "net_interest_income": -47000000.0,
            "interest_income": null,
            "interest_expense": 47000000.0,
            "non_interest_income": null,
            "other_non_operating_income": 4000000.0,
            "depreciation": null,
            "depreciation_and_amortization": 80000000.0,
            "income_before_tax": 64000000.0,
            "income_tax_expense": 3000000.0,
            "interest_and_debt_expense": 47000000.0,
            "net_income_from_continuing_operations": 61000000.0,
            "comprehensive_income_net_of_tax": 60000000.0,
            "ebit": 111000000.0,
            "ebitda": 191000000.0,
            "net_income": 61000000.0
        },
        {
            "fiscal_date_ending": "2011-09-30",
            "reported_currency": "USD",
            "gross_profit": 756000000.0,
            "total_revenue": 1648000000.0,
            "cost_of_revenue": 1183000000.0,
            "cost_of_goods_and_services_sold": 934000000.0,
            "operating_income": 138000000.0,
            "selling_general_and_administrative": 249000000.0,
            "research_and_development": 361000000.0,
            "operating_expenses": 652000000.0,
            "investment_income_net": 3000000.0,
            "net_interest_income": -42000000.0,
            "interest_income": null,
            "interest_expense": 42000000.0,
            "non_interest_income": null,
            "other_non_operating_income": -7000000.0,
            "depreciation": null,
            "depreciation_and_amortization": 79000000.0,
            "income_before_tax": 92000000.0,
            "income_tax_expense": -5000000.0,
            "interest_and_debt_expense": 42000000.0,
            "net_income_from_continuing_operations": 97000000.0,
            "comprehensive_income_net_of_tax": 89000000.0,
            "ebit": 134000000.0,
            "ebitda": 213000000.0,
            "net_income": 97000000.0
        },
        {
            "fiscal_date_ending": "2011-12-31",
            "reported_currency": "USD",
            "gross_profit": 773000000.0,
            "total_revenue": 1648000000.0,
            "cost_of_revenue": 1259000000.0,
            "cost_of_goods_and_services_sold": 918000000.0,
            "operating_income": 71000000.0,
            "selling_general_and_administrative": 243000000.0,
            "research_and_development": 358000000.0,
            "operating_expenses": 742000000.0,
            "investment_income_net": 2000000.0,
            "net_interest_income": -43000000.0,
            "interest_income": null,
            "interest_expense": 43000000.0,
            "non_interest_income": null,
            "other_non_operating_income": -207000000.0,
            "depreciation": null,
            "depreciation_and_amortization": 70000000.0,
            "income_before_tax": -181000000.0,
            "income_tax_expense": -4000000.0,
            "interest_and_debt_expense": 43000000.0,
            "net_income_from_continuing_operations": -173000000.0,
            "comprehensive_income_net_of_tax": -174000000.0,
            "ebit": -138000000.0,
            "ebitda": -68000000.0,
            "net_income": -177000000.0
        },
        {
            "fiscal_date_ending": "2012-03-31",
            "reported_currency": "USD",
            "gross_profit": 27000000.0,
            "total_revenue": 1542000000.0,
            "cost_of_revenue": 1859000000.0,
            "cost_of_goods_and_services_sold": 1558000000.0,
            "operating_income": -580000000.0,
            "selling_general_and_administrative": 230000000.0,
            "research_and_development": 368000000.0,
            "operating_expenses": 712000000.0,
            "investment_income_net": 2000000.0,
            "net_interest_income": -43000000.0,
            "interest_income": null,
            "interest_expense": 43000000.0,
            "non_interest_income": null,
            "other_non_operating_income": -1000000.0,
            "depreciation": null,
            "depreciation_and_amortization": 124000000.0,
            "income_before_tax": -622000000.0,
            "income_tax_expense": -32000000.0,
            "interest_and_debt_expense": 43000000.0,
            "net_income_from_continuing_operations": -590000000.0,
            "comprehensive_income_net_of_tax": -588000000.0,
            "ebit": -579000000.0,
            "ebitda": -455000000.0,
            "net_income": -590000000.0
        },
        {
            "fiscal_date_ending": "2012-06-30",
            "reported_currency": "USD",
            "gross_profit": 638000000.0,
            "total_revenue": 1370000000.0,
            "cost_of_revenue": 987000000.0,
            "cost_of_goods_and_services_sold": 775000000.0,
            "operating_income": 77000000.0,
            "selling_general_and_administrative": 212000000.0,
            "research_and_development": 345000000.0,
            "operating_expenses": 600000000.0,
            "investment_income_net": 2000000.0,
            "net_interest_income": -43000000.0,
            "interest_income": null,
            "interest_expense": 43000000.0,
            "non_interest_income": null,
            "other_non_operating_income": -5000000.0,
            "depreciation": null,
            "depreciation_and_amortization": 65000000.0,
            "income_before_tax": 31000000.0,
            "income_tax_expense": -6000000.0,
            "interest_and_debt_expense": 43000000.0,
            "net_income_from_continuing_operations": 37000000.0,
            "comprehensive_income_net_of_tax": 36000000.0,
            "ebit": 74000000.0,
            "ebitda": 139000000.0,
            "net_income": 37000000.0
        },
        {
            "fiscal_date_ending": "2012-09-30",
            "reported_currency": "USD",
            "gross_profit": 392000000.0,
            "total_revenue": 1225000000.0,
            "cost_of_revenue": 1068000000.0,
            "cost_of_goods_and_services_sold": 877000000.0,
            "operating_income": -131000000.0,
            "selling_general_and_administrative": 188000000.0,
            "research_and_development": 328000000.0,
            "operating_expenses": 563000000.0,
            "investment_income_net": 2000000.0,
            "net_interest_income": -44000000.0,
            "interest_income": null,
            "interest_expense": 44000000.0,
            "non_interest_income": null,
            "other_non_operating_income": 16000000.0,
            "depreciation": null,
            "depreciation_and_amortization": 66000000.0,
            "income_before_tax": -157000000.0,
            "income_tax_expense": 0.0,
            "interest_and_debt_expense": 44000000.0,
            "net_income_from_continuing_operations": -157000000.0,
            "comprehensive_income_net_of_tax": -154000000.0,
            "ebit": -113000000.0,
            "ebitda": -65000000.0,
            "net_income": -157000000.0
        },
        {
            "fiscal_date_ending": "2012-12-31",
            "reported_currency": "USD",
            "gross_profit": 178000000.0,
            "total_revenue": 1110000000.0,
            "cost_of_revenue": 1260000000.0,
            "cost_of_goods_and_services_sold": 977000000.0,
            "operating_income": -422000000.0,
            "selling_general_and_administrative": 193000000.0,
            "research_and_development": 313000000.0,
            "operating_expenses": 641000000.0,
            "investment_income_net": 2000000.0,
            "net_interest_income": -45000000.0,
            "interest_income": null,
            "interest_expense": 45000000.0,
            "non_interest_income": null,
            "other_non_operating_income": -4000000.0,
            "depreciation": null,
            "depreciation_and_amortization": 66000000.0,
            "income_before_tax": -469000000.0,
            "income_tax_expense": 4000000.0,
            "interest_and_debt_expense": 45000000.0,
            "net_income_from_continuing_operations": -473000000.0,
            "comprehensive_income_net_of_tax": -475000000.0,
            "ebit": -424000000.0,
            "ebitda": -356000000.0,
            "net_income": -473000000.0
        },
        {
            "fiscal_date_ending": "2013-03-31",
            "reported_currency": "USD",
            "gross_profit": 445000000.0,
            "total_revenue": 1092000000.0,
            "cost_of_revenue": 935000000.0,
            "cost_of_goods_and_services_sold": 643000000.0,
            "operating_income": -98000000.0,
            "selling_general_and_administrative": 179000000.0,
            "research_and_development": 312000000.0,
            "operating_expenses": 600000000.0,
            "investment_income_net": 1000000.0,
            "net_interest_income": -44000000.0,
            "interest_income": null,
            "interest_expense": 44000000.0,
            "non_interest_income": 48000000.0,
            "other_non_operating_income": -3000000.0,
            "depreciation": null,
            "depreciation_and_amortization": 66000000.0,
            "income_before_tax": -144000000.0,
            "income_tax_expense": 2000000.0,
            "interest_and_debt_expense": 44000000.0,
            "net_income_from_continuing_operations": -146000000.0,
            "comprehensive_income_net_of_tax": -147000000.0,
            "ebit": -100000000.0,
            "ebitda": -32000000.0,
            "net_income": -146000000.0
        },
        {
            "fiscal_date_ending": "2013-06-30",
            "reported_currency": "USD",
            "gross_profit": 459000000.0,
            "total_revenue": 1119000000.0,
            "cost_of_revenue": 882000000.0,
            "cost_of_goods_and_services_sold": 702000000.0,
            "operating_income": -29000000.0,
            "selling_general_and_administrative": 171000000.0,
            "research_and_development": 308000000.0,
            "operating_expenses": 530000000.0,
            "investment_income_net": 2000000.0,
            "net_interest_income": -42000000.0,
            "interest_income": null,
            "interest_expense": 42000000.0,
            "non_interest_income": -1000000.0,
            "other_non_operating_income": -2000000.0,
            "depreciation": null,
            "depreciation_and_amortization": 59000000.0,
            "income_before_tax": -71000000.0,
            "income_tax_expense": 3000000.0,
            "interest_and_debt_expense": 42000000.0,
            "net_income_from_continuing_operations": -74000000.0,
            "comprehensive_income_net_of_tax": -76000000.0,
            "ebit": -29000000.0,
            "ebitda": 30000000.0,
            "net_income": -74000000.0
        },
        {
            "fiscal_date_ending": "2013-09-30",
            "reported_currency": "USD",
            "gross_profit": 521000000.0,
            "total_revenue": 1414000000.0,
            "cost_of_revenue": 1078000000.0,
            "cost_of_goods_and_services_sold": 940000000.0,
            "operating_income": 95000000.0,
            "selling_general_and_administrative": 155000000.0,
            "research_and_development": 288000000.0,
            "operating_expenses": 473000000.0,
            "investment_income_net": 1000000.0,
            "net_interest_income": -47000000.0,
            "interest_income": null,
            "interest_expense": 47000000.0,
            "non_interest_income": -17000000.0,
            "other_non_operating_income": 2000000.0,
            "depreciation": null,
            "depreciation_and_amortization": 57000000.0,
            "income_before_tax": 51000000.0,
            "income_tax_expense": 3000000.0,
            "interest_and_debt_expense": 47000000.0,
            "net_income_from_continuing_operations": 48000000.0,
            "comprehensive_income_net_of_tax": 52000000.0,
            "ebit": 98000000.0,
            "ebitda": 152000000.0,
            "net_income": 48000000.0
        },
        {
            "fiscal_date_ending": "2013-12-31",
            "reported_currency": "USD",
            "gross_profit": 553000000.0,
            "total_revenue": 1545000000.0,
            "cost_of_revenue": 1209000000.0,
            "cost_of_goods_and_services_sold": 1036000000.0,
            "operating_income": 135000000.0,
            "selling_general_and_administrative": 169000000.0,
            "research_and_development": 293000000.0,
            "operating_expenses": 510000000.0,
            "investment_income_net": 1000000.0,
            "net_interest_income": -44000000.0,
            "interest_income": null,
            "interest_expense": 44000000.0,
            "non_interest_income": -62000000.0,
            "other_non_operating_income": -2000000.0,
            "depreciation": null,
            "depreciation_and_amortization": 54000000.0,
            "income_before_tax": 90000000.0,
            "income_tax_expense": 1000000.0,
            "interest_and_debt_expense": 44000000.0,
            "net_income_from_continuing_operations": 89000000.0,
            "comprehensive_income_net_of_tax": 89000000.0,
            "ebit": 134000000.0,
            "ebitda": 189000000.0,
            "net_income": 89000000.0
        },
        {
            "fiscal_date_ending": "2014-03-31",
            "reported_currency": "USD",
            "gross_profit": 487000000.0,
            "total_revenue": 1365000000.0,
            "cost_of_revenue": 1119000000.0,
            "cost_of_goods_and_services_sold": 910000000.0,
            "operating_income": 49000000.0,
            "selling_general_and_administrative": 156000000.0,
            "research_and_development": 279000000.0,
            "operating_expenses": 520000000.0,
            "investment_income_net": 1000000.0,
            "net_interest_income": -47000000.0,
            "interest_income": null,
            "interest_expense": 47000000.0,
            "non_interest_income": 15000000.0,
            "other_non_operating_income": -20000000.0,
            "depreciation": null,
            "depreciation_and_amortization": 53000000.0,
            "income_before_tax": -18000000.0,
            "income_tax_expense": 2000000.0,
            "interest_and_debt_expense": 32000000.0,
            "net_income_from_continuing_operations": -20000000.0,
            "comprehensive_income_net_of_tax": -21000000.0,
            "ebit": 29000000.0,
            "ebitda": 102000000.0,
            "net_income": -20000000.0
        },
        {
            "fiscal_date_ending": "2014-06-30",
            "reported_currency": "USD",
            "gross_profit": 498000000.0,
            "total_revenue": 1395000000.0,
            "cost_of_revenue": 1101000000.0,
            "cost_of_goods_and_services_sold": 943000000.0,
            "operating_income": 63000000.0,
            "selling_general_and_administrative": 154000000.0,
            "research_and_development": 277000000.0,
            "operating_expenses": 481000000.0,
            "investment_income_net": 0.0,
            "net_interest_income": -46000000.0,
            "interest_income": null,
            "interest_expense": 46000000.0,
            "non_interest_income": -79000000.0,
            "other_non_operating_income": -49000000.0,
            "depreciation": null,
            "depreciation_and_amortization": 53000000.0,
            "income_before_tax": -32000000.0,
            "income_tax_expense": 4000000.0,
            "interest_and_debt_expense": 46000000.0,
            "net_income_from_continuing_operations": -36000000.0,
            "comprehensive_income_net_of_tax": -32000000.0,
            "ebit": 14000000.0,
            "ebitda": 116000000.0,
            "net_income": -36000000.0
        },
        {
            "fiscal_date_ending": "2014-09-30",
            "reported_currency": "USD",
            "gross_profit": 494000000.0,
            "total_revenue": 1386000000.0,
            "cost_of_revenue": 1088000000.0,
            "cost_of_goods_and_services_sold": 935000000.0,
            "operating_income": 63000000.0,
            "selling_general_and_administrative": 150000000.0,
            "research_and_development": 278000000.0,
            "operating_expenses": 431000000.0,
            "investment_income_net": 1000000.0,
            "net_interest_income": -43000000.0,
            "interest_income": null,
            "interest_expense": 43000000.0,
            "non_interest_income": 0.0,
            "other_non_operating_income": -1000000.0,
            "depreciation": null,
            "depreciation_and_amortization": 49000000.0,
            "income_before_tax": 19000000.0,
            "income_tax_expense": 2000000.0,
            "interest_and_debt_expense": 43000000.0,
            "net_income_from_continuing_operations": 17000000.0,
            "comprehensive_income_net_of_tax": 15000000.0,
            "ebit": 62000000.0,
            "ebitda": 112000000.0,
            "net_income": 17000000.0
        },
        {
            "fiscal_date_ending": "2014-12-31",
            "reported_currency": "USD",
            "gross_profit": 360000000.0,
            "total_revenue": 1198000000.0,
            "cost_of_revenue": 1260000000.0,
            "cost_of_goods_and_services_sold": 879000000.0,
            "operating_income": -330000000.0,
            "selling_general_and_administrative": 144000000.0,
            "research_and_development": 238000000.0,
            "operating_expenses": 619000000.0,
            "investment_income_net": 1000000.0,
            "net_interest_income": 136000000.0,
            "interest_income": 177000000.0,
            "interest_expense": 41000000.0,
            "non_interest_income": 3000000.0,
            "other_non_operating_income": 4000000.0,
            "depreciation": null,
            "depreciation_and_amortization": 48000000.0,
            "income_before_tax": -367000000.0,
            "income_tax_expense": -3000000.0,
            "interest_and_debt_expense": 41000000.0,
            "net_income_from_continuing_operations": -364000000.0,
            "comprehensive_income_net_of_tax": -368000000.0,
            "ebit": -326000000.0,
            "ebitda": -282000000.0,
            "net_income": -364000000.0
        },
        {
            "fiscal_date_ending": "2015-03-31",
            "reported_currency": "USD",
            "gross_profit": 326000000.0,
            "total_revenue": 990000000.0,
            "cost_of_revenue": 881000000.0,
            "cost_of_goods_and_services_sold": 704000000.0,
            "operating_income": -137000000.0,
            "selling_general_and_administrative": 131000000.0,
            "research_and_development": 242000000.0,
            "operating_expenses": 419000000.0,
            "investment_income_net": null,
            "net_interest_income": -40000000.0,
            "interest_income": null,
            "interest_expense": 40000000.0,
            "non_interest_income": 0.0,
            "other_non_operating_income": 0.0,
            "depreciation": null,
            "depreciation_and_amortization": 46000000.0,
            "income_before_tax": -177000000.0,
            "income_tax_expense": 3000000.0,
            "interest_and_debt_expense": 40000000.0,
            "net_income_from_continuing_operations": -180000000.0,
            "comprehensive_income_net_of_tax": -187000000.0,
            "ebit": -137000000.0,
            "ebitda": -91000000.0,
            "net_income": -180000000.0
        },
        {
            "fiscal_date_ending": "2015-06-30",
            "reported_currency": "USD",
            "gross_profit": 232000000.0,
            "total_revenue": 902000000.0,
            "cost_of_revenue": 844000000.0,
            "cost_of_goods_and_services_sold": 710000000.0,
            "operating_income": -137000000.0,
            "selling_general_and_administrative": 134000000.0,
            "research_and_development": 235000000.0,
            "operating_expenses": 369000000.0,
            "investment_income_net": null,
            "net_interest_income": -40000000.0,
            "interest_income": null,
            "interest_expense": 40000000.0,
            "non_interest_income": 0.0,
            "other_non_operating_income": -3000000.0,
            "depreciation": null,
            "depreciation_and_amortization": 45000000.0,
            "income_before_tax": -180000000.0,
            "income_tax_expense": 1000000.0,
            "interest_and_debt_expense": 40000000.0,
            "net_income_from_continuing_operations": -181000000.0,
            "comprehensive_income_net_of_tax": -174000000.0,
            "ebit": -140000000.0,
            "ebitda": -92000000.0,
            "net_income": -181000000.0
        },
        {
            "fiscal_date_ending": "2015-09-30",
            "reported_currency": "USD",
            "gross_profit": 239000000.0,
            "total_revenue": 1022000000.0,
            "cost_of_revenue": 930000000.0,
            "cost_of_goods_and_services_sold": 822000000.0,
            "operating_income": -158000000.0,
            "selling_general_and_administrative": 108000000.0,
            "research_and_development": 241000000.0,
            "operating_expenses": 349000000.0,
            "investment_income_net": null,
            "net_interest_income": -39000000.0,
            "interest_income": null,
            "interest_expense": 39000000.0,
            "non_interest_income": 0.0,
            "other_non_operating_income": 0.0,
            "depreciation": null,
            "depreciation_and_amortization": 42000000.0,
            "income_before_tax": -197000000.0,
            "income_tax_expense": 0.0,
            "interest_and_debt_expense": 39000000.0,
            "net_income_from_continuing_operations": -197000000.0,
            "comprehensive_income_net_of_tax": -207000000.0,
            "ebit": -158000000.0,
            "ebitda": -116000000.0,
            "net_income": -197000000.0
        },
        {
            "fiscal_date_ending": "2015-12-31",
            "reported_currency": "USD",
            "gross_profit": 283000000.0,
            "total_revenue": 917000000.0,
            "cost_of_revenue": 784000000.0,
            "cost_of_goods_and_services_sold": 675000000.0,
            "operating_income": -49000000.0,
            "selling_general_and_administrative": 109000000.0,
            "research_and_development": 229000000.0,
            "operating_expenses": 338000000.0,
            "investment_income_net": null,
            "net_interest_income": 119000000.0,
            "interest_income": 160000000.0,
            "interest_expense": 41000000.0,
            "non_interest_income": 0.0,
            "other_non_operating_income": -2000000.0,
            "depreciation": null,
            "depreciation_and_amortization": 34000000.0,
            "income_before_tax": -92000000.0,
            "income_tax_expense": 10000000.0,
            "interest_and_debt_expense": 41000000.0,
            "net_income_from_continuing_operations": -102000000.0,
            "comprehensive_income_net_of_tax": -95000000.0,
            "ebit": -51000000.0,
            "ebitda": -15000000.0,
            "net_income": -102000000.0
        },
        {
            "fiscal_date_ending": "2016-03-31",
            "reported_currency": "USD",
            "gross_profit": 269000000.0,
            "total_revenue": 799000000.0,
            "cost_of_revenue": 668000000.0,
            "cost_of_goods_and_services_sold": 563000000.0,
            "operating_income": -68000000.0,
            "selling_general_and_administrative": 105000000.0,
            "research_and_development": 242000000.0,
            "operating_expenses": 347000000.0,
            "investment_income_net": null,
            "net_interest_income": -40000000.0,
            "interest_income": null,
            "interest_expense": 40000000.0,
            "non_interest_income": 0.0,
            "other_non_operating_income": 0.0,
            "depreciation": null,
            "depreciation_and_amortization": 33000000.0,
            "income_before_tax": -108000000.0,
            "income_tax_expense": 1000000.0,
            "interest_and_debt_expense": 40000000.0,
            "net_income_from_continuing_operations": -109000000.0,
            "comprehensive_income_net_of_tax": -107000000.0,
            "ebit": -68000000.0,
            "ebitda": -35000000.0,
            "net_income": -109000000.0
        },
        {
            "fiscal_date_ending": "2016-06-30",
            "reported_currency": "USD",
            "gross_profit": 319000000.0,
            "total_revenue": 1012000000.0,
            "cost_of_revenue": 825000000.0,
            "cost_of_goods_and_services_sold": 708000000.0,
            "operating_income": -8000000.0,
            "selling_general_and_administrative": 117000000.0,
            "research_and_development": 243000000.0,
            "operating_expenses": 360000000.0,
            "investment_income_net": null,
            "net_interest_income": -41000000.0,
            "interest_income": null,
            "interest_expense": 41000000.0,
            "non_interest_income": 0.0,
            "other_non_operating_income": 150000000.0,
            "depreciation": null,
            "depreciation_and_amortization": 33000000.0,
            "income_before_tax": 98000000.0,
            "income_tax_expense": 29000000.0,
            "interest_and_debt_expense": 41000000.0,
            "net_income_from_continuing_operations": 69000000.0,
            "comprehensive_income_net_of_tax": 72000000.0,
            "ebit": 139000000.0,
            "ebitda": 25000000.0,
            "net_income": 69000000.0
        },
        {
            "fiscal_date_ending": "2016-09-30",
            "reported_currency": "USD",
            "gross_profit": 59000000.0,
            "total_revenue": 1290000000.0,
            "cost_of_revenue": 1365000000.0,
            "cost_of_goods_and_services_sold": 1248000000.0,
            "operating_income": -293000000.0,
            "selling_general_and_administrative": 117000000.0,
            "research_and_development": 259000000.0,
            "operating_expenses": 376000000.0,
            "investment_income_net": null,
            "net_interest_income": -41000000.0,
            "interest_income": null,
            "interest_expense": 41000000.0,
            "non_interest_income": -61000000.0,
            "other_non_operating_income": -63000000.0,
            "depreciation": null,
            "depreciation_and_amortization": 33000000.0,
            "income_before_tax": -402000000.0,
            "income_tax_expense": 4000000.0,
            "interest_and_debt_expense": 41000000.0,
            "net_income_from_continuing_operations": -406000000.0,
            "comprehensive_income_net_of_tax": -406000000.0,
            "ebit": -361000000.0,
            "ebitda": -260000000.0,
            "net_income": -406000000.0
        },
        {
            "fiscal_date_ending": "2016-12-31",
            "reported_currency": "USD",
            "gross_profit": 351000000.0,
            "total_revenue": 1103000000.0,
            "cost_of_revenue": 876000000.0,
            "cost_of_goods_and_services_sold": 797000000.0,
            "operating_income": -3000000.0,
            "selling_general_and_administrative": 121000000.0,
            "research_and_development": 264000000.0,
            "operating_expenses": 385000000.0,
            "investment_income_net": null,
            "net_interest_income": 124000000.0,
            "interest_income": 158000000.0,
            "interest_expense": 34000000.0,
            "non_interest_income": -7000000.0,
            "other_non_operating_income": -7000000.0,
            "depreciation": null,
            "depreciation_and_amortization": 34000000.0,
            "income_before_tax": -46000000.0,
            "income_tax_expense": 5000000.0,
            "interest_and_debt_expense": 34000000.0,
            "net_income_from_continuing_operations": -51000000.0,
            "comprehensive_income_net_of_tax": -54000000.0,
            "ebit": -12000000.0,
            "ebitda": 31000000.0,
            "net_income": -51000000.0
        },
        {
            "fiscal_date_ending": "2017-03-31",
            "reported_currency": "USD",
            "gross_profit": 378000000.0,
            "total_revenue": 1178000000.0,
            "cost_of_revenue": 800000000.0,
            "cost_of_goods_and_services_sold": 800000000.0,
            "operating_income": 11000000.0,
            "selling_general_and_administrative": 123000000.0,
            "research_and_development": 271000000.0,
            "operating_expenses": 387000000.0,
            "investment_income_net": null,
            "net_interest_income": -32000000.0,
            "interest_income": null,
            "interest_expense": 32000000.0,
            "non_interest_income": -4000000.0,
            "other_non_operating_income": -5000000.0,
            "depreciation": null,
            "depreciation_and_amortization": 34000000.0,
            "income_before_tax": -28000000.0,
            "income_tax_expense": 5000000.0,
            "interest_and_debt_expense": 32000000.0,
            "net_income_from_continuing_operations": -71000000.0,
            "comprehensive_income_net_of_tax": -32000000.0,
            "ebit": 4000000.0,
            "ebitda": 5000000.0,
            "net_income": -33000000.0
        },
        {
            "fiscal_date_ending": "2017-06-30",
            "reported_currency": "USD",
            "gross_profit": 386000000.0,
            "total_revenue": 1151000000.0,
            "cost_of_revenue": 765000000.0,
            "cost_of_goods_and_services_sold": 765000000.0,
            "operating_income": -1000000.0,
            "selling_general_and_administrative": 127000000.0,
            "research_and_development": 285000000.0,
            "operating_expenses": 404000000.0,
            "investment_income_net": null,
            "net_interest_income": -32000000.0,
            "interest_income": null,
            "interest_expense": 32000000.0,
            "non_interest_income": 1151000000.0,
            "other_non_operating_income": -3000000.0,
            "depreciation": null,
            "depreciation_and_amortization": 35000000.0,
            "income_before_tax": -39000000.0,
            "income_tax_expense": 3000000.0,
            "interest_and_debt_expense": 32000000.0,
            "net_income_from_continuing_operations": -13000000.0,
            "comprehensive_income_net_of_tax": -38000000.0,
            "ebit": -7000000.0,
            "ebitda": 60000000.0,
            "net_income": -42000000.0
        },
        {
            "fiscal_date_ending": "2017-09-30",
            "reported_currency": "USD",
            "gross_profit": 571000000.0,
            "total_revenue": 1584000000.0,
            "cost_of_revenue": 1013000000.0,
            "cost_of_goods_and_services_sold": 1013000000.0,
            "operating_income": 119000000.0,
            "selling_general_and_administrative": 132000000.0,
            "research_and_development": 320000000.0,
            "operating_expenses": 447000000.0,
            "investment_income_net": null,
            "net_interest_income": -31000000.0,
            "interest_income": null,
            "interest_expense": 31000000.0,
            "non_interest_income": 1584000000.0,
            "other_non_operating_income": -3000000.0,
            "depreciation": null,
            "depreciation_and_amortization": 36000000.0,
            "income_before_tax": 83000000.0,
            "income_tax_expense": 22000000.0,
            "interest_and_debt_expense": 31000000.0,
            "net_income_from_continuing_operations": 71000000.0,
            "comprehensive_income_net_of_tax": 63000000.0,
            "ebit": 114000000.0,
            "ebitda": 162000000.0,
            "net_income": 61000000.0
        },
        {
            "fiscal_date_ending": "2017-12-31",
            "reported_currency": "USD",
            "gross_profit": 452000000.0,
            "total_revenue": 1449000000.0,
            "cost_of_revenue": 1098000000.0,
            "cost_of_goods_and_services_sold": 888000000.0,
            "operating_income": -2000000.0,
            "selling_general_and_administrative": 134000000.0,
            "research_and_development": 320000000.0,
            "operating_expenses": 433000000.0,
            "investment_income_net": null,
            "net_interest_income": 101000000.0,
            "interest_income": 132000000.0,
            "interest_expense": 31000000.0,
            "non_interest_income": 1340000000.0,
            "other_non_operating_income": 2000000.0,
            "depreciation": null,
            "depreciation_and_amortization": 39000000.0,
            "income_before_tax": -31000000.0,
            "income_tax_expense": -12000000.0,
            "interest_and_debt_expense": 31000000.0,
            "net_income_from_continuing_operations": 61000000.0,
            "comprehensive_income_net_of_tax": -15000000.0,
            "ebit": -2000000.0,
            "ebitda": 121000000.0,
            "net_income": -19000000.0
        },
        {
            "fiscal_date_ending": "2018-03-31",
            "reported_currency": "USD",
            "gross_profit": 597000000.0,
            "total_revenue": 1615000000.0,
            "cost_of_revenue": 1184000000.0,
            "cost_of_goods_and_services_sold": 1050000000.0,
            "operating_income": 120000000.0,
            "selling_general_and_administrative": 134000000.0,
            "research_and_development": 343000000.0,
            "operating_expenses": 477000000.0,
            "investment_income_net": null,
            "net_interest_income": -31000000.0,
            "interest_income": null,
            "interest_expense": 31000000.0,
            "non_interest_income": -1000000.0,
            "other_non_operating_income": 1000000.0,
            "depreciation": null,
            "depreciation_and_amortization": 44000000.0,
            "income_before_tax": 89000000.0,
            "income_tax_expense": 8000000.0,
            "interest_and_debt_expense": 32000000.0,
            "net_income_from_continuing_operations": 81000000.0,
            "comprehensive_income_net_of_tax": 80000000.0,
            "ebit": 120000000.0,
            "ebitda": 164000000.0,
            "net_income": 81000000.0
        },
        {
            "fiscal_date_ending": "2018-06-30",
            "reported_currency": "USD",
            "gross_profit": 652000000.0,
            "total_revenue": 1725000000.0,
            "cost_of_revenue": 1246000000.0,
            "cost_of_goods_and_services_sold": 1104000000.0,
            "operating_income": 153000000.0,
            "selling_general_and_administrative": 142000000.0,
            "research_and_development": 357000000.0,
            "operating_expenses": 499000000.0,
            "investment_income_net": null,
            "net_interest_income": -31000000.0,
            "interest_income": null,
            "interest_expense": 31000000.0,
            "non_interest_income": 1756000000.0,
            "other_non_operating_income": 1000000.0,
            "depreciation": null,
            "depreciation_and_amortization": 42000000.0,
            "income_before_tax": 122000000.0,
            "income_tax_expense": 6000000.0,
            "interest_and_debt_expense": 31000000.0,
            "net_income_from_continuing_operations": 116000000.0,
            "comprehensive_income_net_of_tax": 103000000.0,
            "ebit": 153000000.0,
            "ebitda": 195000000.0,
            "net_income": 116000000.0
        },
        {
            "fiscal_date_ending": "2018-09-30",
            "reported_currency": "USD",
            "gross_profit": 661000000.0,
            "total_revenue": 1623000000.0,
            "cost_of_revenue": 1140000000.0,
            "cost_of_goods_and_services_sold": 992000000.0,
            "operating_income": 150000000.0,
            "selling_general_and_administrative": 148000000.0,
            "research_and_development": 363000000.0,
            "operating_expenses": 511000000.0,
            "investment_income_net": null,
            "net_interest_income": -30000000.0,
            "interest_income": null,
            "interest_expense": 30000000.0,
            "non_interest_income": 1653000000.0,
            "other_non_operating_income": -6000000.0,
            "depreciation": null,
            "depreciation_and_amortization": 41000000.0,
            "income_before_tax": 114000000.0,
            "income_tax_expense": 12000000.0,
            "interest_and_debt_expense": 24000000.0,
            "net_income_from_continuing_operations": 102000000.0,
            "comprehensive_income_net_of_tax": 102000000.0,
            "ebit": 144000000.0,
            "ebitda": 191000000.0,
            "net_income": 102000000.0
        },
        {
            "fiscal_date_ending": "2018-12-31",
            "reported_currency": "USD",
            "gross_profit": 537000000.0,
            "total_revenue": 1390000000.0,
            "cost_of_revenue": 1020000000.0,
            "cost_of_goods_and_services_sold": 882000000.0,
            "operating_income": 28000000.0,
            "selling_general_and_administrative": 138000000.0,
            "research_and_development": 371000000.0,
            "operating_expenses": 509000000.0,
            "investment_income_net": null,
            "net_interest_income": 110000000.0,
            "interest_income": 139000000.0,
            "interest_expense": 29000000.0,
            "non_interest_income": 1419000000.0,
            "other_non_operating_income": 4000000.0,
            "depreciation": null,
            "depreciation_and_amortization": 43000000.0,
            "income_before_tax": 3000000.0,
            "income_tax_expense": -35000000.0,
            "interest_and_debt_expense": 29000000.0,
            "net_income_from_continuing_operations": 38000000.0,
            "comprehensive_income_net_of_tax": 40000000.0,
            "ebit": 32000000.0,
            "ebitda": 71000000.0,
            "net_income": 38000000.0
        },
        {
            "fiscal_date_ending": "2019-03-31",
            "reported_currency": "USD",
            "gross_profit": 521000000.0,
            "total_revenue": 1291000000.0,
            "cost_of_revenue": 921000000.0,
            "cost_of_goods_and_services_sold": 751000000.0,
            "operating_income": 38000000.0,
            "selling_general_and_administrative": 170000000.0,
            "research_and_development": 373000000.0,
            "operating_expenses": 549000000.0,
            "investment_income_net": null,
            "net_interest_income": -27000000.0,
            "interest_income": null,
            "interest_expense": 27000000.0,
            "non_interest_income": 1258000000.0,
            "other_non_operating_income": -7000000.0,
            "depreciation": null,
            "depreciation_and_amortization": 46000000.0,
            "income_before_tax": 3000000.0,
            "income_tax_expense": -13000000.0,
            "interest_and_debt_expense": 35000000.0,
            "net_income_from_continuing_operations": 16000000.0,
            "comprehensive_income_net_of_tax": 23000000.0,
            "ebit": 30000000.0,
            "ebitda": 84000000.0,
            "net_income": 16000000.0
        },
        {
            "fiscal_date_ending": "2019-06-30",
            "reported_currency": "USD",
            "gross_profit": 621000000.0,
            "total_revenue": 1506000000.0,
            "cost_of_revenue": 1099000000.0,
            "cost_of_goods_and_services_sold": 910000000.0,
            "operating_income": 59000000.0,
            "selling_general_and_administrative": 189000000.0,
            "research_and_development": 373000000.0,
            "operating_expenses": 562000000.0,
            "investment_income_net": null,
            "net_interest_income": -25000000.0,
            "interest_income": null,
            "interest_expense": 25000000.0,
            "non_interest_income": 1531000000.0,
            "other_non_operating_income": 3000000.0,
            "depreciation": null,
            "depreciation_and_amortization": 70000000.0,
            "income_before_tax": 37000000.0,
            "income_tax_expense": 2000000.0,
            "interest_and_debt_expense": 25000000.0,
            "net_income_from_continuing_operations": 35000000.0,
            "comprehensive_income_net_of_tax": 36000000.0,
            "ebit": 62000000.0,
            "ebitda": 129000000.0,
            "net_income": 35000000.0
        },
        {
            "fiscal_date_ending": "2019-09-30",
            "reported_currency": "USD",
            "gross_profit": 777000000.0,
            "total_revenue": 1737000000.0,
            "cost_of_revenue": 1209000000.0,
            "cost_of_goods_and_services_sold": 1024000000.0,
            "operating_income": 186000000.0,
            "selling_general_and_administrative": 185000000.0,
            "research_and_development": 406000000.0,
            "operating_expenses": 591000000.0,
            "investment_income_net": null,
            "net_interest_income": -24000000.0,
            "interest_income": null,
            "interest_expense": 24000000.0,
            "non_interest_income": 1761000000.0,
            "other_non_operating_income": -36000000.0,
            "depreciation": null,
            "depreciation_and_amortization": 69000000.0,
            "income_before_tax": 127000000.0,
            "income_tax_expense": 7000000.0,
            "interest_and_debt_expense": 64000000.0,
            "net_income_from_continuing_operations": 120000000.0,
            "comprehensive_income_net_of_tax": 113000000.0,
            "ebit": 151000000.0,
            "ebitda": 255000000.0,
            "net_income": 120000000.0
        },
        {
            "fiscal_date_ending": "2019-12-31",
            "reported_currency": "USD",
            "gross_profit": 949000000.0,
            "total_revenue": 2109000000.0,
            "cost_of_revenue": 1384000000.0,
            "cost_of_goods_and_services_sold": 1178000000.0,
            "operating_income": 348000000.0,
            "selling_general_and_administrative": 206000000.0,
            "research_and_development": 395000000.0,
            "operating_expenses": 601000000.0,
            "investment_income_net": null,
            "net_interest_income": 91000000.0,
            "interest_income": 109000000.0,
            "interest_expense": 18000000.0,
            "non_interest_income": 2127000000.0,
            "other_non_operating_income": -125000000.0,
            "depreciation": null,
            "depreciation_and_amortization": 64000000.0,
            "income_before_tax": 205000000.0,
            "income_tax_expense": 35000000.0,
            "interest_and_debt_expense": 18000000.0,
            "net_income_from_continuing_operations": 170000000.0,
            "comprehensive_income_net_of_tax": 177000000.0,
            "ebit": 223000000.0,
            "ebitda": 287000000.0,
            "net_income": 170000000.0
        },
        {
            "fiscal_date_ending": "2020-03-31",
            "reported_currency": "USD",
            "gross_profit": 818000000.0,
            "total_revenue": 1755000000.0,
            "cost_of_revenue": 1167000000.0,
            "cost_of_goods_and_services_sold": 968000000.0,
            "operating_income": 177000000.0,
            "selling_general_and_administrative": 199000000.0,
            "research_and_development": 442000000.0,
            "operating_expenses": 659000000.0,
            "investment_income_net": null,
            "net_interest_income": -13000000.0,
            "interest_income": null,
            "interest_expense": 13000000.0,
            "non_interest_income": 1768000000.0,
            "other_non_operating_income": 4000000.0,
            "depreciation": null,
            "depreciation_and_amortization": 68000000.0,
            "income_before_tax": 168000000.0,
            "income_tax_expense": 6000000.0,
            "interest_and_debt_expense": 13000000.0,
            "net_income_from_continuing_operations": 162000000.0,
            "comprehensive_income_net_of_tax": 148000000.0,
            "ebit": 181000000.0,
            "ebitda": 249000000.0,
            "net_income": 162000000.0
        },
        {
            "fiscal_date_ending": "2020-06-30",
            "reported_currency": "USD",
            "gross_profit": 848000000.0,
            "total_revenue": 1918000000.0,
            "cost_of_revenue": 1299000000.0,
            "cost_of_goods_and_services_sold": 1084000000.0,
            "operating_income": 173000000.0,
            "selling_general_and_administrative": 215000000.0,
            "research_and_development": 460000000.0,
            "operating_expenses": 675000000.0,
            "investment_income_net": null,
            "net_interest_income": -14000000.0,
            "interest_income": 14000000.0,
            "interest_expense": 14000000.0,
            "non_interest_income": 1932000000.0,
            "other_non_operating_income": 1000000.0,
            "depreciation": null,
            "depreciation_and_amortization": 72000000.0,
            "income_before_tax": 161000000.0,
            "income_tax_expense": 4000000.0,
            "interest_and_debt_expense": 14000000.0,
            "net_income_from_continuing_operations": 157000000.0,
            "comprehensive_income_net_of_tax": 167000000.0,
            "ebit": 175000000.0,
            "ebitda": 247000000.0,
            "net_income": 157000000.0
        },
        {
            "fiscal_date_ending": "2020-09-30",
            "reported_currency": "USD",
            "gross_profit": 1230000000.0,
            "total_revenue": 2790000000.0,
            "cost_of_revenue": 1844000000.0,
            "cost_of_goods_and_services_sold": 1571000000.0,
            "operating_income": 449000000.0,
            "selling_general_and_administrative": 273000000.0,
            "research_and_development": 508000000.0,
            "operating_expenses": 781000000.0,
            "investment_income_net": null,
            "net_interest_income": -11000000.0,
            "interest_income": null,
            "interest_expense": 11000000.0,
            "non_interest_income": 2801000000.0,
            "other_non_operating_income": -37000000.0,
            "depreciation": null,
            "depreciation_and_amortization": 82000000.0,
            "income_before_tax": 402000000.0,
            "income_tax_expense": 12000000.0,
            "interest_and_debt_expense": 11000000.0,
            "net_income_from_continuing_operations": 390000000.0,
            "comprehensive_income_net_of_tax": 399000000.0,
            "ebit": 413000000.0,
            "ebitda": 495000000.0,
            "net_income": 390000000.0
        },
        {
            "fiscal_date_ending": "2020-12-31",
            "reported_currency": "USD",
            "gross_profit": 1451000000.0,
            "total_revenue": 3235000000.0,
            "cost_of_revenue": 2101000000.0,
            "cost_of_goods_and_services_sold": 1793000000.0,
            "operating_income": 570000000.0,
            "selling_general_and_administrative": 308000000.0,
            "research_and_development": 573000000.0,
            "operating_expenses": 881000000.0,
            "investment_income_net": null,
            "net_interest_income": 46000000.0,
            "interest_income": 55000000.0,
            "interest_expense": 9000000.0,
            "non_interest_income": 3244000000.0,
            "other_non_operating_income": -15000000.0,
            "depreciation": null,
            "depreciation_and_amortization": 90000000.0,
            "income_before_tax": 549000000.0,
            "income_tax_expense": -1232000000.0,
            "interest_and_debt_expense": 9000000.0,
            "net_income_from_continuing_operations": 1778000000.0,
            "comprehensive_income_net_of_tax": 1793000000.0,
            "ebit": 558000000.0,
            "ebitda": 648000000.0,
            "net_income": 1781000000.0
        },
        {
            "fiscal_date_ending": "2021-03-31",
            "reported_currency": "USD",
            "gross_profit": 1587000000.0,
            "total_revenue": 3422000000.0,
            "cost_of_revenue": 2272000000.0,
            "cost_of_goods_and_services_sold": 1858000000.0,
            "operating_income": 662000000.0,
            "selling_general_and_administrative": 319000000.0,
            "research_and_development": 610000000.0,
            "operating_expenses": 1032000000.0,
            "investment_income_net": null,
            "net_interest_income": -9000000.0,
            "interest_income": null,
            "interest_expense": 9000000.0,
            "non_interest_income": 3431000000.0,
            "other_non_operating_income": -11000000.0,
            "depreciation": null,
            "depreciation_and_amortization": 95000000.0,
            "income_before_tax": 644000000.0,
            "income_tax_expense": 89000000.0,
            "interest_and_debt_expense": 15000000.0,
            "net_income_from_continuing_operations": 555000000.0,
            "comprehensive_income_net_of_tax": 544000000.0,
            "ebit": 653000000.0,
            "ebitda": 748000000.0,
            "net_income": 555000000.0
        },
        {
            "fiscal_date_ending": "2021-06-30",
            "reported_currency": "USD",
            "gross_profit": 1830000000.0,
            "total_revenue": 3840000000.0,
            "cost_of_revenue": 2361000000.0,
            "cost_of_goods_and_services_sold": 2020000000.0,
            "operating_income": 831000000.0,
            "selling_general_and_administrative": 341000000.0,
            "research_and_development": 659000000.0,
            "operating_expenses": 1000000000.0,
            "investment_income_net": null,
            "net_interest_income": -10000000.0,
            "interest_income": null,
            "interest_expense": 10000000.0,
            "non_interest_income": 3850000000.0,
            "other_non_operating_income": 0.0,
            "depreciation": null,
            "depreciation_and_amortization": 97000000.0,
            "income_before_tax": 823000000.0,
            "income_tax_expense": 113000000.0,
            "interest_and_debt_expense": 10000000.0,
            "net_income_from_continuing_operations": 710000000.0,
            "comprehensive_income_net_of_tax": 711000000.0,
            "ebit": 833000000.0,
            "ebitda": 930000000.0,
            "net_income": 710000000.0
        },
        {
            "fiscal_date_ending": "2021-09-30",
            "reported_currency": "USD",
            "gross_profit": 2086000000.0,
            "total_revenue": 4306000000.0,
            "cost_of_revenue": 2603000000.0,
            "cost_of_goods_and_services_sold": 2227000000.0,
            "operating_income": 948000000.0,
            "selling_general_and_administrative": 376000000.0,
            "research_and_development": 765000000.0,
            "operating_expenses": 1141000000.0,
            "investment_income_net": null,
            "net_interest_income": -7000000.0,
            "interest_income": null,
            "interest_expense": 7000000.0,
            "non_interest_income": 4313000000.0,
            "other_non_operating_income": 62000000.0,
            "depreciation": null,
            "depreciation_and_amortization": 97000000.0,
            "income_before_tax": 1005000000.0,
            "income_tax_expense": 82000000.0,
            "interest_and_debt_expense": 7000000.0,
            "net_income_from_continuing_operations": 923000000.0,
            "comprehensive_income_net_of_tax": 916000000.0,
            "ebit": 1012000000.0,
            "ebitda": 1109000000.0,
            "net_income": 923000000.0
        },
        {
            "fiscal_date_ending": "2021-12-31",
            "reported_currency": "USD",
            "gross_profit": 2426000000.0,
            "total_revenue": 4845000000.0,
            "cost_of_revenue": 2930000000.0,
            "cost_of_goods_and_services_sold": 2400000000.0,
            "operating_income": 1207000000.0,
            "selling_general_and_administrative": 412000000.0,
            "research_and_development": 811000000.0,
            "operating_expenses": 1356000000.0,
            "investment_income_net": null,
            "net_interest_income": 34000000.0,
            "interest_income": 42000000.0,
            "interest_expense": 8000000.0,
            "non_interest_income": 4811000000.0,
            "other_non_operating_income": 4000000.0,
            "depreciation": null,
            "depreciation_and_amortization": 118000000.0,
            "income_before_tax": 1203000000.0,
            "income_tax_expense": 229000000.0,
            "interest_and_debt_expense": 8000000.0,
            "net_income_from_continuing_operations": 974000000.0,
            "comprehensive_income_net_of_tax": 971000000.0,
            "ebit": 1211000000.0,
            "ebitda": 1329000000.0,
            "net_income": 974000000.0
        },
        {
            "fiscal_date_ending": "2022-03-31",
            "reported_currency": "USD",
            "gross_profit": 2818000000.0,
            "total_revenue": 5859000000.0,
            "cost_of_revenue": 4275000000.0,
            "cost_of_goods_and_services_sold": 3069000000.0,
            "operating_income": 951000000.0,
            "selling_general_and_administrative": 597000000.0,
            "research_and_development": 1060000000.0,
            "operating_expenses": 2281000000.0,
            "investment_income_net": null,
            "net_interest_income": -13000000.0,
            "interest_income": null,
            "interest_expense": 13000000.0,
            "non_interest_income": 5872000000.0,
            "other_non_operating_income": -42000000.0,
            "depreciation": null,
            "depreciation_and_amortization": 609000000.0,
            "income_before_tax": 899000000.0,
            "income_tax_expense": 113000000.0,
            "interest_and_debt_expense": 13000000.0,
            "net_income_from_continuing_operations": 786000000.0,
            "comprehensive_income_net_of_tax": 787000000.0,
            "ebit": 912000000.0,
            "ebitda": 1521000000.0,
            "net_income": 786000000.0
        },
        {
            "fiscal_date_ending": "2022-06-30",
            "reported_currency": "USD",
            "gross_profit": 3028000000.0,
            "total_revenue": 6525000000.0,
            "cost_of_revenue": 4114000000.0,
            "cost_of_goods_and_services_sold": 3522000000.0,
            "operating_income": 526000000.0,
            "selling_general_and_administrative": 592000000.0,
            "research_and_development": 1300000000.0,
            "operating_expenses": 1892000000.0,
            "investment_income_net": null,
            "net_interest_income": -25000000.0,
            "interest_income": 35000000.0,
            "interest_expense": 25000000.0,
            "non_interest_income": 6550000000.0,
            "other_non_operating_income": -4000000.0,
            "depreciation": null,
            "depreciation_and_amortization": 1000000000.0,
            "income_before_tax": 501000000.0,
            "income_tax_expense": 54000000.0,
            "interest_and_debt_expense": 25000000.0,
            "net_income_from_continuing_operations": 447000000.0,
            "comprehensive_income_net_of_tax": 416000000.0,
            "ebit": 526000000.0,
            "ebitda": 1526000000.0,
            "net_income": 447000000.0
        },
        {
            "fiscal_date_ending": "2022-09-30",
            "reported_currency": "USD",
            "gross_profit": 2354000000.0,
            "total_revenue": 5534000000.0,
            "cost_of_revenue": 3768000000.0,
            "cost_of_goods_and_services_sold": 3211000000.0,
            "operating_income": -64000000.0,
            "selling_general_and_administrative": 557000000.0,
            "research_and_development": 1279000000.0,
            "operating_expenses": 1836000000.0,
            "investment_income_net": null,
            "net_interest_income": -31000000.0,
            "interest_income": 34000000.0,
            "interest_expense": 31000000.0,
            "non_interest_income": 5565000000.0,
            "other_non_operating_income": 22000000.0,
            "depreciation": null,
            "depreciation_and_amortization": 1000000000.0,
            "income_before_tax": -69000000.0,
            "income_tax_expense": -135000000.0,
            "interest_and_debt_expense": 31000000.0,
            "net_income_from_continuing_operations": 66000000.0,
            "comprehensive_income_net_of_tax": 11000000.0,
            "ebit": -38000000.0,
            "ebitda": 962000000.0,
            "net_income": 66000000.0
        },
        {
            "fiscal_date_ending": "2022-12-31",
            "reported_currency": "USD",
            "gross_profit": 2403000000.0,
            "total_revenue": 5732000000.0,
            "cost_of_revenue": 5006000000.0,
            "cost_of_goods_and_services_sold": 3196000000.0,
            "operating_income": -149000000.0,
            "selling_general_and_administrative": 590000000.0,
            "research_and_development": 1366000000.0,
            "operating_expenses": 3177000000.0,
            "investment_income_net": null,
            "net_interest_income": 134000000.0,
            "interest_income": 153000000.0,
            "interest_expense": 19000000.0,
            "non_interest_income": 5598000000.0,
            "other_non_operating_income": 32000000.0,
            "depreciation": null,
            "depreciation_and_amortization": 1220000000.0,
            "income_before_tax": -133000000.0,
            "income_tax_expense": -154000000.0,
            "interest_and_debt_expense": 19000000.0,
            "net_income_from_continuing_operations": 21000000.0,
            "comprehensive_income_net_of_tax": 68000000.0,
            "ebit": -114000000.0,
            "ebitda": 1106000000.0,
            "net_income": 21000000.0
        },
        {
            "fiscal_date_ending": "2023-03-31",
            "reported_currency": "USD",
            "gross_profit": 2359000000.0,
            "total_revenue": 5353000000.0,
            "cost_of_revenue": 5384000000.0,
            "cost_of_goods_and_services_sold": 2994000000.0,
            "operating_income": -145000000.0,
            "selling_general_and_administrative": 585000000.0,
            "research_and_development": 1411000000.0,
            "operating_expenses": 3801000000.0,
            "investment_income_net": null,
            "net_interest_income": -25000000.0,
            "interest_income": 25000000.0,
            "interest_expense": 25000000.0,
            "non_interest_income": 5353000000.0,
            "other_non_operating_income": 43000000.0,
            "depreciation": null,
            "depreciation_and_amortization": 1805000000.0,
            "income_before_tax": -126000000.0,
            "income_tax_expense": 13000000.0,
            "interest_and_debt_expense": null,
            "net_income_from_continuing_operations": -139000000.0,
            "comprehensive_income_net_of_tax": -119000000.0,
            "ebit": -101000000.0,
            "ebitda": 2537000000.0,
            "net_income": -139000000.0
        },
        {
            "fiscal_date_ending": "2023-06-30",
            "reported_currency": "USD",
            "gross_profit": 2443000000.0,
            "total_revenue": 5331000000.0,
            "cost_of_revenue": 4156000000.0,
            "cost_of_goods_and_services_sold": 2916000000.0,
            "operating_income": -20000000.0,
            "selling_general_and_administrative": 547000000.0,
            "research_and_development": 1443000000.0,
            "operating_expenses": 2683000000.0,
            "investment_income_net": null,
            "net_interest_income": -28000000.0,
            "interest_income": 28000000.0,
            "interest_expense": 28000000.0,
            "non_interest_income": 5359000000.0,
            "other_non_operating_income": 46000000.0,
            "depreciation": null,
            "depreciation_and_amortization": 693000000.0,
            "income_before_tax": 4000000.0,
            "income_tax_expense": -23000000.0,
            "interest_and_debt_expense": 28000000.0,
            "net_income_from_continuing_operations": 27000000.0,
            "comprehensive_income_net_of_tax": 16000000.0,
            "ebit": 32000000.0,
            "ebitda": 725000000.0,
            "net_income": 27000000.0
        },
        {
            "fiscal_date_ending": "2023-09-30",
            "reported_currency": "USD",
            "gross_profit": 2747000000.0,
            "total_revenue": 5774000000.0,
            "cost_of_revenue": 4289000000.0,
            "cost_of_goods_and_services_sold": 3053000000.0,
            "operating_income": 224000000.0,
            "selling_general_and_administrative": 576000000.0,
            "research_and_development": 1507000000.0,
            "operating_expenses": 2743000000.0,
            "investment_income_net": null,
            "net_interest_income": -26000000.0,
            "interest_income": 26000000.0,
            "interest_expense": 26000000.0,
            "non_interest_income": 5800000000.0,
            "other_non_operating_income": 59000000.0,
            "depreciation": null,
            "depreciation_and_amortization": 660000000.0,
            "income_before_tax": 260000000.0,
            "income_tax_expense": -39000000.0,
            "interest_and_debt_expense": 26000000.0,
            "net_income_from_continuing_operations": 299000000.0,
            "comprehensive_income_net_of_tax": 281000000.0,
            "ebit": 286000000.0,
            "ebitda": 946000000.0,
            "net_income": 299000000.0
        },
        {
            "fiscal_date_ending": "2023-12-31",
            "reported_currency": "USD",
            "gross_profit": 2911000000.0,
            "total_revenue": 6452000000.0,
            "cost_of_revenue": 5154000000.0,
            "cost_of_goods_and_services_sold": 3257000000.0,
            "operating_income": 342000000.0,
            "selling_general_and_administrative": 644000000.0,
            "research_and_development": 1511000000.0,
            "operating_expenses": 3409000000.0,
            "investment_income_net": null,
            "net_interest_income": 285000000.0,
            "interest_income": 312000000.0,
            "interest_expense": 27000000.0,
            "non_interest_income": 6167000000.0,
            "other_non_operating_income": 49000000.0,
            "depreciation": null,
            "depreciation_and_amortization": 1253000000.0,
            "income_before_tax": 370000000.0,
            "income_tax_expense": -297000000.0,
            "interest_and_debt_expense": 27000000.0,
            "net_income_from_continuing_operations": 667000000.0,
            "comprehensive_income_net_of_tax": 707000000.0,
            "ebit": 397000000.0,
            "ebitda": 1650000000.0,
            "net_income": 667000000.0
        },
        {
            "fiscal_date_ending": "2024-03-31",
            "reported_currency": "USD",
            "gross_profit": 2560000000.0,
            "total_revenue": 5473000000.0,
            "cost_of_revenue": 4939000000.0,
            "cost_of_goods_and_services_sold": 2913000000.0,
            "operating_income": 36000000.0,
            "selling_general_and_administrative": 620000000.0,
            "research_and_development": 1525000000.0,
            "operating_expenses": 3551000000.0,
            "investment_income_net": null,
            "net_interest_income": -25000000.0,
            "interest_income": null,
            "interest_expense": 25000000.0,
            "non_interest_income": 5473000000.0,
            "other_non_operating_income": 53000000.0,
            "depreciation": null,
            "depreciation_and_amortization": 1406000000.0,
            "income_before_tax": 71000000.0,
            "income_tax_expense": -52000000.0,
            "interest_and_debt_expense": null,
            "net_income_from_continuing_operations": 123000000.0,
            "comprehensive_income_net_of_tax": 101000000.0,
            "ebit": 96000000.0,
            "ebitda": 1502000000.0,
            "net_income": 123000000.0
        },
        {
            "fiscal_date_ending": "2024-06-30",
            "reported_currency": "USD",
            "gross_profit": 2864000000.0,
            "total_revenue": 5835000000.0,
            "cost_of_revenue": 3621000000.0,
            "cost_of_goods_and_services_sold": 2971000000.0,
            "operating_income": 269000000.0,
            "selling_general_and_administrative": 650000000.0,
            "research_and_development": 1583000000.0,
            "operating_expenses": 2233000000.0,
            "investment_income_net": null,
            "net_interest_income": -25000000.0,
            "interest_income": null,
            "interest_expense": 25000000.0,
            "non_interest_income": 5835000000.0,
            "other_non_operating_income": 55000000.0,
            "depreciation": null,
            "depreciation_and_amortization": 147000000.0,
            "income_before_tax": 306000000.0,
            "income_tax_expense": 41000000.0,
            "interest_and_debt_expense": null,
            "net_income_from_continuing_operations": 265000000.0,
            "comprehensive_income_net_of_tax": 264000000.0,
            "ebit": 331000000.0,
            "ebitda": 478000000.0,
            "net_income": 265000000.0
        },
        {
            "fiscal_date_ending": "2024-09-30",
            "reported_currency": "USD",
            "gross_profit": 3419000000.0,
            "total_revenue": 6819000000.0,
            "cost_of_revenue": 4121000000.0,
            "cost_of_goods_and_services_sold": 3400000000.0,
            "operating_income": 724000000.0,
            "selling_general_and_administrative": 721000000.0,
            "research_and_development": 1636000000.0,
            "operating_expenses": 2357000000.0,
            "investment_income_net": null,
            "net_interest_income": -23000000.0,
            "interest_income": null,
            "interest_expense": 23000000.0,
            "non_interest_income": 6819000000.0,
            "other_non_operating_income": 36000000.0,
            "depreciation": null,
            "depreciation_and_amortization": 756000000.0,
            "income_before_tax": 744000000.0,
            "income_tax_expense": -27000000.0,
            "interest_and_debt_expense": null,
            "net_income_from_continuing_operations": 771000000.0,
            "comprehensive_income_net_of_tax": 802000000.0,
            "ebit": 767000000.0,
            "ebitda": 1523000000.0,
            "net_income": 771000000.0
        },
        {
            "fiscal_date_ending": "2024-12-31",
            "reported_currency": "USD",
            "gross_profit": 3882000000.0,
            "total_revenue": 7840000000.0,
            "cost_of_revenue": 5574000000.0,
            "cost_of_goods_and_services_sold": 3776000000.0,
            "operating_income": 871000000.0,
            "selling_general_and_administrative": 792000000.0,
            "research_and_development": 1712000000.0,
            "operating_expenses": 3510000000.0,
            "investment_income_net": null,
            "net_interest_income": 163000000.0,
            "interest_income": null,
            "interest_expense": 19000000.0,
            "non_interest_income": 7658000000.0,
            "other_non_operating_income": 37000000.0,
            "depreciation": null,
            "depreciation_and_amortization": 762000000.0,
            "income_before_tax": 901000000.0,
            "income_tax_expense": 419000000.0,
            "interest_and_debt_expense": null,
            "net_income_from_continuing_operations": 482000000.0,
            "comprehensive_income_net_of_tax": 411000000.0,
            "ebit": 920000000.0,
            "ebitda": 1682000000.0,
            "net_income": 482000000.0
        }
    ],
    "total_quarters": 58,
    "date_range": {
        "start": "2010-09-30",
        "end": "2024-12-31"
    }
}