{
    "symbol": "AVGO",
    "quarterly_reports": [
        {
            "fiscal_date_ending": "2017-01-29",
            "reported_currency": "USD",
            "gross_profit": 2001000000.0,
            "total_revenue": 4139000000.0,
            "cost_of_revenue": 2138000000.0,
            "cost_of_goods_and_services_sold": 2138000000.0,
            "operating_income": 506000000.0,
            "selling_general_and_administrative": 201000000.0,
            "research_and_development": 808000000.0,
            "operating_expenses": 1449000000.0,
            "investment_income_net": null,
            "net_interest_income": null,
            "interest_income": null,
            "interest_expense": 111000000.0,
            "non_interest_income": null,
            "other_non_operating_income": null,
            "depreciation": null,
            "depreciation_and_amortization": 1114000000.0,
            "income_before_tax": 267000000.0,
            "income_tax_expense": 10000000.0,
            "interest_and_debt_expense": null,
            "net_income_from_continuing_operations": 257000000.0,
            "comprehensive_income_net_of_tax": null,
            "ebit": 506000000.0,
            "ebitda": 1697000000.0,
            "net_income": 239000000.0
        },
        {
            "fiscal_date_ending": "2017-04-30",
            "reported_currency": "USD",
            "gross_profit": 1976000000.0,
            "total_revenue": 4190000000.0,
            "cost_of_revenue": 2214000000.0,
            "cost_of_goods_and_services_sold": 2214000000.0,
            "operating_income": 474000000.0,
            "selling_general_and_administrative": 204000000.0,
            "research_and_development": 829000000.0,
            "operating_expenses": 1502000000.0,
            "investment_income_net": null,
            "net_interest_income": null,
            "interest_income": null,
            "interest_expense": 112000000.0,
            "non_interest_income": null,
            "other_non_operating_income": 3000000.0,
            "depreciation": null,
            "depreciation_and_amortization": 1193000000.0,
            "income_before_tax": 337000000.0,
            "income_tax_expense": -103000000.0,
            "interest_and_debt_expense": null,
            "net_income_from_continuing_operations": 444000000.0,
            "comprehensive_income_net_of_tax": 441000000.0,
            "ebit": 449000000.0,
            "ebitda": 1697000000.0,
            "net_income": 440000000.0
        },
        {
            "fiscal_date_ending": "2017-07-30",
            "reported_currency": "USD",
            "gross_profit": 2149000000.0,
            "total_revenue": 4463000000.0,
            "cost_of_revenue": 2314000000.0,
            "cost_of_goods_and_services_sold": 2314000000.0,
            "operating_income": 648000000.0,
            "selling_general_and_administrative": 200000000.0,
            "research_and_development": 827000000.0,
            "operating_expenses": 1501000000.0,
            "investment_income_net": null,
            "net_interest_income": null,
            "interest_income": null,
            "interest_expense": 112000000.0,
            "non_interest_income": null,
            "other_non_operating_income": 12000000.0,
            "depreciation": null,
            "depreciation_and_amortization": 1211000000.0,
            "income_before_tax": 520000000.0,
            "income_tax_expense": 39000000.0,
            "interest_and_debt_expense": null,
            "net_income_from_continuing_operations": 483000000.0,
            "comprehensive_income_net_of_tax": 481000000.0,
            "ebit": 632000000.0,
            "ebitda": 1904000000.0,
            "net_income": 481000000.0
        },
        {
            "fiscal_date_ending": "2017-10-29",
            "reported_currency": "USD",
            "gross_profit": 2383000000.0,
            "total_revenue": 4844000000.0,
            "cost_of_revenue": 2461000000.0,
            "cost_of_goods_and_services_sold": 2461000000.0,
            "operating_income": 755000000.0,
            "selling_general_and_administrative": 184000000.0,
            "research_and_development": 838000000.0,
            "operating_expenses": 1640000000.0,
            "investment_income_net": null,
            "net_interest_income": null,
            "interest_income": null,
            "interest_expense": 119000000.0,
            "non_interest_income": null,
            "other_non_operating_income": 28000000.0,
            "depreciation": 117000000.0,
            "depreciation_and_amortization": 1219000000.0,
            "income_before_tax": 621000000.0,
            "income_tax_expense": 89000000.0,
            "interest_and_debt_expense": null,
            "net_income_from_continuing_operations": 527000000.0,
            "comprehensive_income_net_of_tax": 574000000.0,
            "ebit": 740000000.0,
            "ebitda": 2155000000.0,
            "net_income": 532000000.0
        },
        {
            "fiscal_date_ending": "2018-02-04",
            "reported_currency": "USD",
            "gross_profit": 2628000000.0,
            "total_revenue": 5327000000.0,
            "cost_of_revenue": 2699000000.0,
            "cost_of_goods_and_services_sold": 2699000000.0,
            "operating_income": 943000000.0,
            "selling_general_and_administrative": 291000000.0,
            "research_and_development": 925000000.0,
            "operating_expenses": 1685000000.0,
            "investment_income_net": null,
            "net_interest_income": null,
            "interest_income": null,
            "interest_expense": 183000000.0,
            "non_interest_income": null,
            "other_non_operating_income": 35000000.0,
            "depreciation": 126000000.0,
            "depreciation_and_amortization": 1184000000.0,
            "income_before_tax": 444000000.0,
            "income_tax_expense": -5786000000.0,
            "interest_and_debt_expense": null,
            "net_income_from_continuing_operations": 6244000000.0,
            "comprehensive_income_net_of_tax": 6239000000.0,
            "ebit": 627000000.0,
            "ebitda": 2292000000.0,
            "net_income": 6230000000.0
        },
        {
            "fiscal_date_ending": "2018-05-06",
            "reported_currency": "USD",
            "gross_profit": 2551000000.0,
            "total_revenue": 5014000000.0,
            "cost_of_revenue": 2463000000.0,
            "cost_of_goods_and_services_sold": 2463000000.0,
            "operating_income": 1201000000.0,
            "selling_general_and_administrative": 294000000.0,
            "research_and_development": 936000000.0,
            "operating_expenses": 1350000000.0,
            "investment_income_net": null,
            "net_interest_income": -148000000.0,
            "interest_income": null,
            "interest_expense": 148000000.0,
            "non_interest_income": 5014000000.0,
            "other_non_operating_income": 46000000.0,
            "depreciation": 128000000.0,
            "depreciation_and_amortization": 964000000.0,
            "income_before_tax": 1081000000.0,
            "income_tax_expense": -2637000000.0,
            "interest_and_debt_expense": 148000000.0,
            "net_income_from_continuing_operations": 3721000000.0,
            "comprehensive_income_net_of_tax": 3710000000.0,
            "ebit": 1229000000.0,
            "ebitda": 2264000000.0,
            "net_income": 3718000000.0
        },
        {
            "fiscal_date_ending": "2018-08-05",
            "reported_currency": "USD",
            "gross_profit": 2619000000.0,
            "total_revenue": 5063000000.0,
            "cost_of_revenue": 2444000000.0,
            "cost_of_goods_and_services_sold": 2444000000.0,
            "operating_income": 1339000000.0,
            "selling_general_and_administrative": 234000000.0,
            "research_and_development": 959000000.0,
            "operating_expenses": 1280000000.0,
            "investment_income_net": null,
            "net_interest_income": -149000000.0,
            "interest_income": null,
            "interest_expense": 149000000.0,
            "non_interest_income": 5063000000.0,
            "other_non_operating_income": 39000000.0,
            "depreciation": 129000000.0,
            "depreciation_and_amortization": 836000000.0,
            "income_before_tax": 1228000000.0,
            "income_tax_expense": 32000000.0,
            "interest_and_debt_expense": 149000000.0,
            "net_income_from_continuing_operations": 1197000000.0,
            "comprehensive_income_net_of_tax": 1196000000.0,
            "ebit": 1377000000.0,
            "ebitda": 2213000000.0,
            "net_income": 1196000000.0
        },
        {
            "fiscal_date_ending": "2018-11-04",
            "reported_currency": "USD",
            "gross_profit": 2935000000.0,
            "total_revenue": 5444000000.0,
            "cost_of_revenue": 2509000000.0,
            "cost_of_goods_and_services_sold": 2509000000.0,
            "operating_income": 1652000000.0,
            "selling_general_and_administrative": 237000000.0,
            "research_and_development": 948000000.0,
            "operating_expenses": 1283000000.0,
            "investment_income_net": null,
            "net_interest_income": -148000000.0,
            "interest_income": null,
            "interest_expense": 148000000.0,
            "non_interest_income": 5338000000.0,
            "other_non_operating_income": 24000000.0,
            "depreciation": 132000000.0,
            "depreciation_and_amortization": 836000000.0,
            "income_before_tax": 1422000000.0,
            "income_tax_expense": 307000000.0,
            "interest_and_debt_expense": 106000000.0,
            "net_income_from_continuing_operations": 1115000000.0,
            "comprehensive_income_net_of_tax": 1106000000.0,
            "ebit": 1570000000.0,
            "ebitda": 2406000000.0,
            "net_income": 1115000000.0
        },
        {
            "fiscal_date_ending": "2019-02-03",
            "reported_currency": "USD",
            "gross_profit": 3208000000.0,
            "total_revenue": 5789000000.0,
            "cost_of_revenue": 2581000000.0,
            "cost_of_goods_and_services_sold": 2581000000.0,
            "operating_income": 555000000.0,
            "selling_general_and_administrative": 471000000.0,
            "research_and_development": 1133000000.0,
            "operating_expenses": 2653000000.0,
            "investment_income_net": null,
            "net_interest_income": -345000000.0,
            "interest_income": null,
            "interest_expense": 345000000.0,
            "non_interest_income": 5789000000.0,
            "other_non_operating_income": 68000000.0,
            "depreciation": 143000000.0,
            "depreciation_and_amortization": 1459000000.0,
            "income_before_tax": 268000000.0,
            "income_tax_expense": -203000000.0,
            "interest_and_debt_expense": 345000000.0,
            "net_income_from_continuing_operations": 481000000.0,
            "comprehensive_income_net_of_tax": 471000000.0,
            "ebit": 613000000.0,
            "ebitda": 2655000000.0,
            "net_income": 471000000.0
        },
        {
            "fiscal_date_ending": "2019-05-05",
            "reported_currency": "USD",
            "gross_profit": 3089000000.0,
            "total_revenue": 5517000000.0,
            "cost_of_revenue": 2428000000.0,
            "cost_of_goods_and_services_sold": 2428000000.0,
            "operating_income": 970000000.0,
            "selling_general_and_administrative": 419000000.0,
            "research_and_development": 1151000000.0,
            "operating_expenses": 2119000000.0,
            "investment_income_net": null,
            "net_interest_income": -376000000.0,
            "interest_income": null,
            "interest_expense": 376000000.0,
            "non_interest_income": 5517000000.0,
            "other_non_operating_income": 63000000.0,
            "depreciation": 142000000.0,
            "depreciation_and_amortization": 1447000000.0,
            "income_before_tax": 655000000.0,
            "income_tax_expense": -36000000.0,
            "interest_and_debt_expense": 376000000.0,
            "net_income_from_continuing_operations": 693000000.0,
            "comprehensive_income_net_of_tax": 691000000.0,
            "ebit": 1031000000.0,
            "ebitda": 2556000000.0,
            "net_income": 691000000.0
        },
        {
            "fiscal_date_ending": "2019-08-04",
            "reported_currency": "USD",
            "gross_profit": 3034000000.0,
            "total_revenue": 5515000000.0,
            "cost_of_revenue": 2481000000.0,
            "cost_of_goods_and_services_sold": 2481000000.0,
            "operating_income": 865000000.0,
            "selling_general_and_administrative": 410000000.0,
            "research_and_development": 1235000000.0,
            "operating_expenses": 2169000000.0,
            "investment_income_net": null,
            "net_interest_income": -362000000.0,
            "interest_income": null,
            "interest_expense": 362000000.0,
            "non_interest_income": 5515000000.0,
            "other_non_operating_income": 41000000.0,
            "depreciation": 141000000.0,
            "depreciation_and_amortization": 1450000000.0,
            "income_before_tax": 544000000.0,
            "income_tax_expense": -171000000.0,
            "interest_and_debt_expense": 362000000.0,
            "net_income_from_continuing_operations": 715000000.0,
            "comprehensive_income_net_of_tax": 715000000.0,
            "ebit": 906000000.0,
            "ebitda": 2405000000.0,
            "net_income": 715000000.0
        },
        {
            "fiscal_date_ending": "2019-11-03",
            "reported_currency": "USD",
            "gross_profit": 3152000000.0,
            "total_revenue": 5776000000.0,
            "cost_of_revenue": 2624000000.0,
            "cost_of_goods_and_services_sold": 2624000000.0,
            "operating_income": 1054000000.0,
            "selling_general_and_administrative": 409000000.0,
            "research_and_development": 1177000000.0,
            "operating_expenses": 2098000000.0,
            "investment_income_net": null,
            "net_interest_income": -361000000.0,
            "interest_income": null,
            "interest_expense": 361000000.0,
            "non_interest_income": 5776000000.0,
            "other_non_operating_income": 54000000.0,
            "depreciation": 143000000.0,
            "depreciation_and_amortization": 1452000000.0,
            "income_before_tax": 747000000.0,
            "income_tax_expense": -100000000.0,
            "interest_and_debt_expense": 387000000.0,
            "net_income_from_continuing_operations": 847000000.0,
            "comprehensive_income_net_of_tax": 823000000.0,
            "ebit": 1054000000.0,
            "ebitda": 2598000000.0,
            "net_income": 847000000.0
        },
        {
            "fiscal_date_ending": "2020-02-02",
            "reported_currency": "USD",
            "gross_profit": 3264000000.0,
            "total_revenue": 5858000000.0,
            "cost_of_revenue": 2594000000.0,
            "cost_of_goods_and_services_sold": 2594000000.0,
            "operating_income": 714000000.0,
            "selling_general_and_administrative": 601000000.0,
            "research_and_development": 1289000000.0,
            "operating_expenses": 2550000000.0,
            "investment_income_net": null,
            "net_interest_income": -406000000.0,
            "interest_income": null,
            "interest_expense": 406000000.0,
            "non_interest_income": 5858000000.0,
            "other_non_operating_income": -4000000.0,
            "depreciation": 146000000.0,
            "depreciation_and_amortization": 1728000000.0,
            "income_before_tax": 309000000.0,
            "income_tax_expense": -76000000.0,
            "interest_and_debt_expense": 411000000.0,
            "net_income_from_continuing_operations": 380000000.0,
            "comprehensive_income_net_of_tax": 385000000.0,
            "ebit": 714000000.0,
            "ebitda": 2495000000.0,
            "net_income": 385000000.0
        },
        {
            "fiscal_date_ending": "2020-05-03",
            "reported_currency": "USD",
            "gross_profit": 3189000000.0,
            "total_revenue": 5742000000.0,
            "cost_of_revenue": 2553000000.0,
            "cost_of_goods_and_services_sold": 2553000000.0,
            "operating_income": 766000000.0,
            "selling_general_and_administrative": 501000000.0,
            "research_and_development": 1269000000.0,
            "operating_expenses": 2423000000.0,
            "investment_income_net": null,
            "net_interest_income": -487000000.0,
            "interest_income": null,
            "interest_expense": 487000000.0,
            "non_interest_income": -15000000.0,
            "other_non_operating_income": 130000000.0,
            "depreciation": 147000000.0,
            "depreciation_and_amortization": 1730000000.0,
            "income_before_tax": 404000000.0,
            "income_tax_expense": -159000000.0,
            "interest_and_debt_expense": 15000000.0,
            "net_income_from_continuing_operations": -15000000.0,
            "comprehensive_income_net_of_tax": 564000000.0,
            "ebit": 766000000.0,
            "ebitda": 2680000000.0,
            "net_income": 563000000.0
        },
        {
            "fiscal_date_ending": "2020-08-02",
            "reported_currency": "USD",
            "gross_profit": 3316000000.0,
            "total_revenue": 5821000000.0,
            "cost_of_revenue": 2505000000.0,
            "cost_of_goods_and_services_sold": 2505000000.0,
            "operating_income": 1008000000.0,
            "selling_general_and_administrative": 428000000.0,
            "research_and_development": 1228000000.0,
            "operating_expenses": 2308000000.0,
            "investment_income_net": null,
            "net_interest_income": -464000000.0,
            "interest_income": null,
            "interest_expense": 464000000.0,
            "non_interest_income": 5821000000.0,
            "other_non_operating_income": 49000000.0,
            "depreciation": 138000000.0,
            "depreciation_and_amortization": 1719000000.0,
            "income_before_tax": 592000000.0,
            "income_tax_expense": -96000000.0,
            "interest_and_debt_expense": 464000000.0,
            "net_income_from_continuing_operations": 689000000.0,
            "comprehensive_income_net_of_tax": 688000000.0,
            "ebit": 1008000000.0,
            "ebitda": 2828000000.0,
            "net_income": 688000000.0
        },
        {
            "fiscal_date_ending": "2020-11-01",
            "reported_currency": "USD",
            "gross_profit": 3747000000.0,
            "total_revenue": 6467000000.0,
            "cost_of_revenue": 2720000000.0,
            "cost_of_goods_and_services_sold": 2720000000.0,
            "operating_income": 1526000000.0,
            "selling_general_and_administrative": 405000000.0,
            "research_and_development": 1182000000.0,
            "operating_expenses": 2221000000.0,
            "investment_income_net": null,
            "net_interest_income": -420000000.0,
            "interest_income": null,
            "interest_expense": 420000000.0,
            "non_interest_income": 6451000000.0,
            "other_non_operating_income": 31000000.0,
            "depreciation": 139000000.0,
            "depreciation_and_amortization": 1728000000.0,
            "income_before_tax": 1137000000.0,
            "income_tax_expense": -187000000.0,
            "interest_and_debt_expense": 436000000.0,
            "net_income_from_continuing_operations": 1324000000.0,
            "comprehensive_income_net_of_tax": 1347000000.0,
            "ebit": 1526000000.0,
            "ebitda": 3320000000.0,
            "net_income": 1324000000.0
        },
        {
            "fiscal_date_ending": "2021-01-31",
            "reported_currency": "USD",
            "gross_profit": 3952000000.0,
            "total_revenue": 6655000000.0,
            "cost_of_revenue": 2703000000.0,
            "cost_of_goods_and_services_sold": 2703000000.0,
            "operating_income": 1837000000.0,
            "selling_general_and_administrative": 339000000.0,
            "research_and_development": 1211000000.0,
            "operating_expenses": 2115000000.0,
            "investment_income_net": null,
            "net_interest_income": -570000000.0,
            "interest_income": null,
            "interest_expense": 570000000.0,
            "non_interest_income": 6483000000.0,
            "other_non_operating_income": 117000000.0,
            "depreciation": 138000000.0,
            "depreciation_and_amortization": 1533000000.0,
            "income_before_tax": 1384000000.0,
            "income_tax_expense": 6000000.0,
            "interest_and_debt_expense": 742000000.0,
            "net_income_from_continuing_operations": 1378000000.0,
            "comprehensive_income_net_of_tax": 1379000000.0,
            "ebit": 1837000000.0,
            "ebitda": 3558000000.0,
            "net_income": 1378000000.0
        },
        {
            "fiscal_date_ending": "2021-05-02",
            "reported_currency": "USD",
            "gross_profit": 4057000000.0,
            "total_revenue": 6610000000.0,
            "cost_of_revenue": 2553000000.0,
            "cost_of_goods_and_services_sold": 2553000000.0,
            "operating_income": 1975000000.0,
            "selling_general_and_administrative": 325000000.0,
            "research_and_development": 1238000000.0,
            "operating_expenses": 2082000000.0,
            "investment_income_net": null,
            "net_interest_income": -466000000.0,
            "interest_income": null,
            "interest_expense": 466000000.0,
            "non_interest_income": 6610000000.0,
            "other_non_operating_income": -23000000.0,
            "depreciation": 133000000.0,
            "depreciation_and_amortization": 1504000000.0,
            "income_before_tax": 1486000000.0,
            "income_tax_expense": -7000000.0,
            "interest_and_debt_expense": 466000000.0,
            "net_income_from_continuing_operations": 1493000000.0,
            "comprehensive_income_net_of_tax": 1494000000.0,
            "ebit": 1975000000.0,
            "ebitda": 3481000000.0,
            "net_income": 1493000000.0
        },
        {
            "fiscal_date_ending": "2021-08-01",
            "reported_currency": "USD",
            "gross_profit": 4197000000.0,
            "total_revenue": 6778000000.0,
            "cost_of_revenue": 2581000000.0,
            "cost_of_goods_and_services_sold": 2581000000.0,
            "operating_income": 2126000000.0,
            "selling_general_and_administrative": 346000000.0,
            "research_and_development": 1205000000.0,
            "operating_expenses": 2071000000.0,
            "investment_income_net": null,
            "net_interest_income": -415000000.0,
            "interest_income": null,
            "interest_expense": 415000000.0,
            "non_interest_income": 6778000000.0,
            "other_non_operating_income": 15000000.0,
            "depreciation": 134000000.0,
            "depreciation_and_amortization": 1503000000.0,
            "income_before_tax": 1726000000.0,
            "income_tax_expense": -150000000.0,
            "interest_and_debt_expense": 415000000.0,
            "net_income_from_continuing_operations": 1876000000.0,
            "comprehensive_income_net_of_tax": 1876000000.0,
            "ebit": 2126000000.0,
            "ebitda": 3670000000.0,
            "net_income": 1876000000.0
        },
        {
            "fiscal_date_ending": "2021-10-31",
            "reported_currency": "USD",
            "gross_profit": 4638000000.0,
            "total_revenue": 7407000000.0,
            "cost_of_revenue": 2769000000.0,
            "cost_of_goods_and_services_sold": 2769000000.0,
            "operating_income": 2581000000.0,
            "selling_general_and_administrative": 337000000.0,
            "research_and_development": 1200000000.0,
            "operating_expenses": 2057000000.0,
            "investment_income_net": null,
            "net_interest_income": -434000000.0,
            "interest_income": null,
            "interest_expense": 434000000.0,
            "non_interest_income": 7407000000.0,
            "other_non_operating_income": 22000000.0,
            "depreciation": 134000000.0,
            "depreciation_and_amortization": 1501000000.0,
            "income_before_tax": 2169000000.0,
            "income_tax_expense": 180000000.0,
            "interest_and_debt_expense": 434000000.0,
            "net_income_from_continuing_operations": 1989000000.0,
            "comprehensive_income_net_of_tax": 1979000000.0,
            "ebit": 2581000000.0,
            "ebitda": 4130000000.0,
            "net_income": 1989000000.0
        },
        {
            "fiscal_date_ending": "2022-01-30",
            "reported_currency": "USD",
            "gross_profit": 5049000000.0,
            "total_revenue": 7706000000.0,
            "cost_of_revenue": 2657000000.0,
            "cost_of_goods_and_services_sold": 2657000000.0,
            "operating_income": 3108000000.0,
            "selling_general_and_administrative": 321000000.0,
            "research_and_development": 1206000000.0,
            "operating_expenses": 1941000000.0,
            "investment_income_net": null,
            "net_interest_income": -407000000.0,
            "interest_income": null,
            "interest_expense": 407000000.0,
            "non_interest_income": 7706000000.0,
            "other_non_operating_income": -14000000.0,
            "depreciation": 136000000.0,
            "depreciation_and_amortization": 1287000000.0,
            "income_before_tax": 2687000000.0,
            "income_tax_expense": 215000000.0,
            "interest_and_debt_expense": 407000000.0,
            "net_income_from_continuing_operations": 2472000000.0,
            "comprehensive_income_net_of_tax": 2473000000.0,
            "ebit": 3108000000.0,
            "ebitda": 4398000000.0,
            "net_income": 2472000000.0
        },
        {
            "fiscal_date_ending": "2022-05-01",
            "reported_currency": "USD",
            "gross_profit": 5439000000.0,
            "total_revenue": 8103000000.0,
            "cost_of_revenue": 2664000000.0,
            "cost_of_goods_and_services_sold": 2664000000.0,
            "operating_income": 3394000000.0,
            "selling_general_and_administrative": 368000000.0,
            "research_and_development": 1261000000.0,
            "operating_expenses": 2045000000.0,
            "investment_income_net": null,
            "net_interest_income": -518000000.0,
            "interest_income": null,
            "interest_expense": 518000000.0,
            "non_interest_income": 8103000000.0,
            "other_non_operating_income": -86000000.0,
            "depreciation": 135000000.0,
            "depreciation_and_amortization": 1196000000.0,
            "income_before_tax": 2790000000.0,
            "income_tax_expense": 200000000.0,
            "interest_and_debt_expense": 518000000.0,
            "net_income_from_continuing_operations": 2590000000.0,
            "comprehensive_income_net_of_tax": 2590000000.0,
            "ebit": 3394000000.0,
            "ebitda": 4590000000.0,
            "net_income": 2590000000.0
        },
        {
            "fiscal_date_ending": "2022-07-31",
            "reported_currency": "USD",
            "gross_profit": 5681000000.0,
            "total_revenue": 8464000000.0,
            "cost_of_revenue": 2783000000.0,
            "cost_of_goods_and_services_sold": 2783000000.0,
            "operating_income": 3737000000.0,
            "selling_general_and_administrative": 323000000.0,
            "research_and_development": 1255000000.0,
            "operating_expenses": 1944000000.0,
            "investment_income_net": null,
            "net_interest_income": -406000000.0,
            "interest_income": null,
            "interest_expense": 406000000.0,
            "non_interest_income": 8464000000.0,
            "other_non_operating_income": 6000000.0,
            "depreciation": 129000000.0,
            "depreciation_and_amortization": 1230000000.0,
            "income_before_tax": 3337000000.0,
            "income_tax_expense": 263000000.0,
            "interest_and_debt_expense": 406000000.0,
            "net_income_from_continuing_operations": 3074000000.0,
            "comprehensive_income_net_of_tax": 3075000000.0,
            "ebit": 3737000000.0,
            "ebitda": 4967000000.0,
            "net_income": 3074000000.0
        },
        {
            "fiscal_date_ending": "2022-10-30",
            "reported_currency": "USD",
            "gross_profit": 5926000000.0,
            "total_revenue": 8930000000.0,
            "cost_of_revenue": 3004000000.0,
            "cost_of_goods_and_services_sold": 3004000000.0,
            "operating_income": 3986000000.0,
            "selling_general_and_administrative": 370000000.0,
            "research_and_development": 1197000000.0,
            "operating_expenses": 1940000000.0,
            "investment_income_net": null,
            "net_interest_income": -406000000.0,
            "interest_income": null,
            "interest_expense": 406000000.0,
            "non_interest_income": 8930000000.0,
            "other_non_operating_income": 40000000.0,
            "depreciation": 129000000.0,
            "depreciation_and_amortization": 1271000000.0,
            "income_before_tax": 3620000000.0,
            "income_tax_expense": 261000000.0,
            "interest_and_debt_expense": 406000000.0,
            "net_income_from_continuing_operations": 3359000000.0,
            "comprehensive_income_net_of_tax": 3419000000.0,
            "ebit": 3986000000.0,
            "ebitda": 5257000000.0,
            "net_income": 3359000000.0
        },
        {
            "fiscal_date_ending": "2023-01-29",
            "reported_currency": "USD",
            "gross_profit": 6004000000.0,
            "total_revenue": 8915000000.0,
            "cost_of_revenue": 2911000000.0,
            "cost_of_goods_and_services_sold": 2911000000.0,
            "operating_income": 4103000000.0,
            "selling_general_and_administrative": 348000000.0,
            "research_and_development": 1195000000.0,
            "operating_expenses": 1901000000.0,
            "investment_income_net": null,
            "net_interest_income": -406000000.0,
            "interest_income": null,
            "interest_expense": 406000000.0,
            "non_interest_income": 8915000000.0,
            "other_non_operating_income": 143000000.0,
            "depreciation": 127000000.0,
            "depreciation_and_amortization": 1185000000.0,
            "income_before_tax": 3840000000.0,
            "income_tax_expense": 66000000.0,
            "interest_and_debt_expense": 406000000.0,
            "net_income_from_continuing_operations": 3774000000.0,
            "comprehensive_income_net_of_tax": 3648000000.0,
            "ebit": 4103000000.0,
            "ebitda": 5288000000.0,
            "net_income": 3774000000.0
        },
        {
            "fiscal_date_ending": "2023-04-30",
            "reported_currency": "USD",
            "gross_profit": 6115000000.0,
            "total_revenue": 8733000000.0,
            "cost_of_revenue": 2618000000.0,
            "cost_of_goods_and_services_sold": 2618000000.0,
            "operating_income": 4008000000.0,
            "selling_general_and_administrative": 438000000.0,
            "research_and_development": 1312000000.0,
            "operating_expenses": 2107000000.0,
            "investment_income_net": null,
            "net_interest_income": -405000000.0,
            "interest_income": null,
            "interest_expense": 405000000.0,
            "non_interest_income": 8733000000.0,
            "other_non_operating_income": 113000000.0,
            "depreciation": 129000000.0,
            "depreciation_and_amortization": 1061000000.0,
            "income_before_tax": 3716000000.0,
            "income_tax_expense": 235000000.0,
            "interest_and_debt_expense": 405000000.0,
            "net_income_from_continuing_operations": 3481000000.0,
            "comprehensive_income_net_of_tax": 3479000000.0,
            "ebit": 4008000000.0,
            "ebitda": 5069000000.0,
            "net_income": 3481000000.0
        },
        {
            "fiscal_date_ending": "2023-07-30",
            "reported_currency": "USD",
            "gross_profit": 6164000000.0,
            "total_revenue": 8876000000.0,
            "cost_of_revenue": 2712000000.0,
            "cost_of_goods_and_services_sold": 2712000000.0,
            "operating_income": 3856000000.0,
            "selling_general_and_administrative": 388000000.0,
            "research_and_development": 1358000000.0,
            "operating_expenses": 2308000000.0,
            "investment_income_net": null,
            "net_interest_income": -406000000.0,
            "interest_income": null,
            "interest_expense": 406000000.0,
            "non_interest_income": 8876000000.0,
            "other_non_operating_income": 124000000.0,
            "depreciation": 122000000.0,
            "depreciation_and_amortization": 932000000.0,
            "income_before_tax": 3574000000.0,
            "income_tax_expense": 271000000.0,
            "interest_and_debt_expense": 406000000.0,
            "net_income_from_continuing_operations": 3303000000.0,
            "comprehensive_income_net_of_tax": 3531000000.0,
            "ebit": 3856000000.0,
            "ebitda": 5124000000.0,
            "net_income": 3303000000.0
        },
        {
            "fiscal_date_ending": "2023-10-29",
            "reported_currency": "USD",
            "gross_profit": 6407000000.0,
            "total_revenue": 9295000000.0,
            "cost_of_revenue": 2888000000.0,
            "cost_of_goods_and_services_sold": 2888000000.0,
            "operating_income": 4240000000.0,
            "selling_general_and_administrative": 418000000.0,
            "research_and_development": 1388000000.0,
            "operating_expenses": 2167000000.0,
            "investment_income_net": null,
            "net_interest_income": -405000000.0,
            "interest_income": null,
            "interest_expense": 405000000.0,
            "non_interest_income": 9295000000.0,
            "other_non_operating_income": 132000000.0,
            "depreciation": 124000000.0,
            "depreciation_and_amortization": 932000000.0,
            "income_before_tax": 3967000000.0,
            "income_tax_expense": 443000000.0,
            "interest_and_debt_expense": 405000000.0,
            "net_income_from_continuing_operations": 3524000000.0,
            "comprehensive_income_net_of_tax": 3685000000.0,
            "ebit": 4240000000.0,
            "ebitda": 5304000000.0,
            "net_income": 3524000000.0
        },
        {
            "fiscal_date_ending": "2024-02-04",
            "reported_currency": "USD",
            "gross_profit": 7375000000.0,
            "total_revenue": 11961000000.0,
            "cost_of_revenue": 4586000000.0,
            "cost_of_goods_and_services_sold": 5286000000.0,
            "operating_income": 2083000000.0,
            "selling_general_and_administrative": 1572000000.0,
            "research_and_development": 2308000000.0,
            "operating_expenses": 5292000000.0,
            "investment_income_net": null,
            "net_interest_income": -926000000.0,
            "interest_income": null,
            "interest_expense": 926000000.0,
            "non_interest_income": 11961000000.0,
            "other_non_operating_income": 185000000.0,
            "depreciation": 139000000.0,
            "depreciation_and_amortization": 2345000000.0,
            "income_before_tax": 1393000000.0,
            "income_tax_expense": 68000000.0,
            "interest_and_debt_expense": 926000000.0,
            "net_income_from_continuing_operations": 1274000000.0,
            "comprehensive_income_net_of_tax": 1325000000.0,
            "ebit": 2083000000.0,
            "ebitda": 4613000000.0,
            "net_income": 1325000000.0
        },
        {
            "fiscal_date_ending": "2024-05-05",
            "reported_currency": "USD",
            "gross_profit": 7776000000.0,
            "total_revenue": 12487000000.0,
            "cost_of_revenue": 4711000000.0,
            "cost_of_goods_and_services_sold": 5485000000.0,
            "operating_income": 2965000000.0,
            "selling_general_and_administrative": 1277000000.0,
            "research_and_development": 2415000000.0,
            "operating_expenses": 4811000000.0,
            "investment_income_net": null,
            "net_interest_income": -1047000000.0,
            "interest_income": null,
            "interest_expense": 1047000000.0,
            "non_interest_income": 12487000000.0,
            "other_non_operating_income": 87000000.0,
            "depreciation": 149000000.0,
            "depreciation_and_amortization": 2530000000.0,
            "income_before_tax": 2005000000.0,
            "income_tax_expense": -116000000.0,
            "interest_and_debt_expense": 1047000000.0,
            "net_income_from_continuing_operations": 2121000000.0,
            "comprehensive_income_net_of_tax": 2121000000.0,
            "ebit": 2965000000.0,
            "ebitda": 5582000000.0,
            "net_income": 2121000000.0
        },
        {
            "fiscal_date_ending": "2024-08-04",
            "reported_currency": "USD",
            "gross_profit": 8356000000.0,
            "total_revenue": 13072000000.0,
            "cost_of_revenue": 4716000000.0,
            "cost_of_goods_and_services_sold": 4716000000.0,
            "operating_income": 3788000000.0,
            "selling_general_and_administrative": 1100000000.0,
            "research_and_development": 2353000000.0,
            "operating_expenses": 4568000000.0,
            "investment_income_net": null,
            "net_interest_income": -1064000000.0,
            "interest_income": null,
            "interest_expense": 1064000000.0,
            "non_interest_income": 13072000000.0,
            "other_non_operating_income": 82000000.0,
            "depreciation": 149000000.0,
            "depreciation_and_amortization": 2524000000.0,
            "income_before_tax": 2363000000.0,
            "income_tax_expense": 4238000000.0,
            "interest_and_debt_expense": 1064000000.0,
            "net_income_from_continuing_operations": -1432000000.0,
            "comprehensive_income_net_of_tax": -1874000000.0,
            "ebit": 3788000000.0,
            "ebitda": 6394000000.0,
            "net_income": -1875000000.0
        },
        {
            "fiscal_date_ending": "2024-11-03",
            "reported_currency": "USD",
            "gross_profit": 9002000000.0,
            "total_revenue": 14054000000.0,
            "cost_of_revenue": 5052000000.0,
            "cost_of_goods_and_services_sold": 5052000000.0,
            "operating_income": 4627000000.0,
            "selling_general_and_administrative": 1010000000.0,
            "research_and_development": 2234000000.0,
            "operating_expenses": 4375000000.0,
            "investment_income_net": null,
            "net_interest_income": -455000000.0,
            "interest_income": null,
            "interest_expense": 916000000.0,
            "non_interest_income": 14002000000.0,
            "other_non_operating_income": 52000000.0,
            "depreciation": 156000000.0,
            "depreciation_and_amortization": 2611000000.0,
            "income_before_tax": 3882000000.0,
            "income_tax_expense": -442000000.0,
            "interest_and_debt_expense": -2985000000.0,
            "net_income_from_continuing_operations": 4205000000.0,
            "comprehensive_income_net_of_tax": 4323000000.0,
            "ebit": 4627000000.0,
            "ebitda": 7238000000.0,
            "net_income": 4324000000.0
        },
        {
            "fiscal_date_ending": "2025-02-02",
            "reported_currency": "USD",
            "gross_profit": 10145000000.0,
            "total_revenue": 14916000000.0,
            "cost_of_revenue": 4771000000.0,
            "cost_of_goods_and_services_sold": 4771000000.0,
            "operating_income": 6260000000.0,
            "selling_general_and_administrative": 949000000.0,
            "research_and_development": 2253000000.0,
            "operating_expenses": 3885000000.0,
            "investment_income_net": null,
            "net_interest_income": -873000000.0,
            "interest_income": null,
            "interest_expense": 873000000.0,
            "non_interest_income": 14851000000.0,
            "other_non_operating_income": 103000000.0,
            "depreciation": 142000000.0,
            "depreciation_and_amortization": null,
            "income_before_tax": 5490000000.0,
            "income_tax_expense": -13000000.0,
            "interest_and_debt_expense": 65000000.0,
            "net_income_from_continuing_operations": 5503000000.0,
            "comprehensive_income_net_of_tax": 5503000000.0,
            "ebit": 6260000000.0,
            "ebitda": 6260000000.0,
            "net_income": 5503000000.0
        }
    ],
    "total_quarters": 33,
    "date_range": {
        "start": "2017-01-29",
        "end": "2025-02-02"
    }
}