{
    "symbol": "MRK",
    "quarterly_reports": [
        {
            "fiscal_date_ending": "2008-06-30",
            "reported_currency": "USD",
            "gross_profit": 4655300000.0,
            "total_revenue": 6051800000.0,
            "cost_of_revenue": 1396500000.0,
            "cost_of_goods_and_services_sold": 1908000000.0,
            "operating_income": 2222200000.0,
            "selling_general_and_administrative": 1870000000.0,
            "research_and_development": 906000000.0,
            "operating_expenses": 3099500000.0,
            "investment_income_net": null,
            "net_interest_income": null,
            "interest_income": null,
            "interest_expense": 50600000.0,
            "non_interest_income": null,
            "other_non_operating_income": -134000000.0,
            "depreciation": null,
            "depreciation_and_amortization": 374900000.0,
            "income_before_tax": 502000000.0,
            "income_tax_expense": 40000000.0,
            "interest_and_debt_expense": null,
            "net_income_from_continuing_operations": null,
            "comprehensive_income_net_of_tax": null,
            "ebit": 2222200000.0,
            "ebitda": 2597100000.0,
            "net_income": 462000000.0
        },
        {
            "fiscal_date_ending": "2008-09-30",
            "reported_currency": "USD",
            "gross_profit": 4466000000.0,
            "total_revenue": 5943900000.0,
            "cost_of_revenue": 1477900000.0,
            "cost_of_goods_and_services_sold": 1477900000.0,
            "operating_income": 2401500000.0,
            "selling_general_and_administrative": 1660000000.0,
            "research_and_development": 893000000.0,
            "operating_expenses": 2901400000.0,
            "investment_income_net": null,
            "net_interest_income": null,
            "interest_income": null,
            "interest_expense": 71400000.0,
            "non_interest_income": null,
            "other_non_operating_income": 39000000.0,
            "depreciation": null,
            "depreciation_and_amortization": 391200000.0,
            "income_before_tax": 658000000.0,
            "income_tax_expense": 44000000.0,
            "interest_and_debt_expense": null,
            "net_income_from_continuing_operations": null,
            "comprehensive_income_net_of_tax": null,
            "ebit": 2401500000.0,
            "ebitda": 2792700000.0,
            "net_income": 614000000.0
        },
        {
            "fiscal_date_ending": "2008-12-31",
            "reported_currency": "USD",
            "gross_profit": 4562400000.0,
            "total_revenue": 6032400000.0,
            "cost_of_revenue": 1470000000.0,
            "cost_of_goods_and_services_sold": 1470000000.0,
            "operating_income": 1480600000.0,
            "selling_general_and_administrative": 2169000000.0,
            "research_and_development": 2126000000.0,
            "operating_expenses": 3248600000.0,
            "investment_income_net": null,
            "net_interest_income": null,
            "interest_income": null,
            "interest_expense": 56700000.0,
            "non_interest_income": null,
            "other_non_operating_income": 2507000000.0,
            "depreciation": null,
            "depreciation_and_amortization": 474000000.0,
            "income_before_tax": 8285000000.0,
            "income_tax_expense": 1866000000.0,
            "interest_and_debt_expense": null,
            "net_income_from_continuing_operations": null,
            "comprehensive_income_net_of_tax": null,
            "ebit": 1480600000.0,
            "ebitda": 1954600000.0,
            "net_income": 6419000000.0
        },
        {
            "fiscal_date_ending": "2009-03-31",
            "reported_currency": "USD",
            "gross_profit": 4051400000.0,
            "total_revenue": 5385200000.0,
            "cost_of_revenue": 1333800000.0,
            "cost_of_goods_and_services_sold": 1333800000.0,
            "operating_income": 1876400000.0,
            "selling_general_and_administrative": 1632900000.0,
            "research_and_development": 1224200000.0,
            "operating_expenses": 2857100000.0,
            "investment_income_net": null,
            "net_interest_income": null,
            "interest_income": null,
            "interest_expense": 60700000.0,
            "non_interest_income": null,
            "other_non_operating_income": 67200000.0,
            "depreciation": null,
            "depreciation_and_amortization": 443300000.0,
            "income_before_tax": 1752200000.0,
            "income_tax_expense": 327200000.0,
            "interest_and_debt_expense": null,
            "net_income_from_continuing_operations": null,
            "comprehensive_income_net_of_tax": null,
            "ebit": 1876400000.0,
            "ebitda": 2319700000.0,
            "net_income": 1425000000.0
        },
        {
            "fiscal_date_ending": "2009-06-30",
            "reported_currency": "USD",
            "gross_profit": 1401000000.0,
            "total_revenue": 5899900000.0,
            "cost_of_revenue": 3246000000.0,
            "cost_of_goods_and_services_sold": 1620000000.0,
            "operating_income": -1088000000.0,
            "selling_general_and_administrative": 1729500000.0,
            "research_and_development": 1395300000.0,
            "operating_expenses": 2489000000.0,
            "investment_income_net": 70000000.0,
            "net_interest_income": -99500000.0,
            "interest_income": null,
            "interest_expense": 99500000.0,
            "non_interest_income": 20000000.0,
            "other_non_operating_income": -3600000.0,
            "depreciation": null,
            "depreciation_and_amortization": 489300000.0,
            "income_before_tax": 1935300000.0,
            "income_tax_expense": 379000000.0,
            "interest_and_debt_expense": 99500000.0,
            "net_income_from_continuing_operations": -926000000.0,
            "comprehensive_income_net_of_tax": 671000000.0,
            "ebit": 2034800000.0,
            "ebitda": 2567600000.0,
            "net_income": 1556300000.0
        },
        {
            "fiscal_date_ending": "2009-09-30",
            "reported_currency": "USD",
            "gross_profit": 1269000000.0,
            "total_revenue": 6049700000.0,
            "cost_of_revenue": 3230000000.0,
            "cost_of_goods_and_services_sold": 1719000000.0,
            "operating_income": -1155000000.0,
            "selling_general_and_administrative": 1725500000.0,
            "research_and_development": 1254000000.0,
            "operating_expenses": 2424000000.0,
            "investment_income_net": 33400000.0,
            "net_interest_income": -130700000.0,
            "interest_income": null,
            "interest_expense": 130700000.0,
            "non_interest_income": -500000.0,
            "other_non_operating_income": 2791100000.0,
            "depreciation": null,
            "depreciation_and_amortization": 393700000.0,
            "income_before_tax": 5045800000.0,
            "income_tax_expense": 1621500000.0,
            "interest_and_debt_expense": 130700000.0,
            "net_income_from_continuing_operations": -967000000.0,
            "comprehensive_income_net_of_tax": 3299300000.0,
            "ebit": 5176500000.0,
            "ebitda": 2755200000.0,
            "net_income": 3424300000.0
        },
        {
            "fiscal_date_ending": "2009-12-31",
            "reported_currency": "USD",
            "gross_profit": 4060300000.0,
            "total_revenue": 10093200000.0,
            "cost_of_revenue": 9829000000.0,
            "cost_of_goods_and_services_sold": 4280900000.0,
            "operating_income": -4752800000.0,
            "selling_general_and_administrative": 3455000000.0,
            "research_and_development": 1971500000.0,
            "operating_expenses": 8813100000.0,
            "investment_income_net": 10400000.0,
            "net_interest_income": -169100000.0,
            "interest_income": null,
            "interest_expense": 169100000.0,
            "non_interest_income": 9000000.0,
            "other_non_operating_income": 7813300000.0,
            "depreciation": null,
            "depreciation_and_amortization": 1249700000.0,
            "income_before_tax": 6433700000.0,
            "income_tax_expense": -59700000.0,
            "interest_and_debt_expense": 169100000.0,
            "net_income_from_continuing_operations": 5352100000.0,
            "comprehensive_income_net_of_tax": 19305300000.0,
            "ebit": 6602800000.0,
            "ebitda": 1400000000.0,
            "net_income": 6493400000.0
        },
        {
            "fiscal_date_ending": "2010-03-31",
            "reported_currency": "USD",
            "gross_profit": 2672700000.0,
            "total_revenue": 11422200000.0,
            "cost_of_revenue": 8749500000.0,
            "cost_of_goods_and_services_sold": 5215600000.0,
            "operating_income": -2887900000.0,
            "selling_general_and_administrative": 3222000000.0,
            "research_and_development": 2051000000.0,
            "operating_expenses": 5560600000.0,
            "investment_income_net": 12000000.0,
            "net_interest_income": -181000000.0,
            "interest_income": null,
            "interest_expense": 181000000.0,
            "non_interest_income": -80000000.0,
            "other_non_operating_income": -167000000.0,
            "depreciation": null,
            "depreciation_and_amortization": 1687000000.0,
            "income_before_tax": 585000000.0,
            "income_tax_expense": 286000000.0,
            "interest_and_debt_expense": 181000000.0,
            "net_income_from_continuing_operations": -3203700000.0,
            "comprehensive_income_net_of_tax": -506000000.0,
            "ebit": 766000000.0,
            "ebitda": 2770000000.0,
            "net_income": 299000000.0
        },
        {
            "fiscal_date_ending": "2010-06-30",
            "reported_currency": "USD",
            "gross_profit": 3068400000.0,
            "total_revenue": 11346300000.0,
            "cost_of_revenue": 8277900000.0,
            "cost_of_goods_and_services_sold": 4548900000.0,
            "operating_income": -2953300000.0,
            "selling_general_and_administrative": 3175000000.0,
            "research_and_development": 2179000000.0,
            "operating_expenses": 6206500000.0,
            "investment_income_net": 21600000.0,
            "net_interest_income": -184800000.0,
            "interest_income": 200000.0,
            "interest_expense": 185000000.0,
            "non_interest_income": 4300000.0,
            "other_non_operating_income": 281000000.0,
            "depreciation": null,
            "depreciation_and_amortization": 1948000000.0,
            "income_before_tax": 1213000000.0,
            "income_tax_expense": 461000000.0,
            "interest_and_debt_expense": 184800000.0,
            "net_income_from_continuing_operations": -3069000000.0,
            "comprehensive_income_net_of_tax": -335000000.0,
            "ebit": 1398000000.0,
            "ebitda": 3456000000.0,
            "net_income": 752000000.0
        },
        {
            "fiscal_date_ending": "2010-09-30",
            "reported_currency": "USD",
            "gross_profit": 2716000000.0,
            "total_revenue": 11124900000.0,
            "cost_of_revenue": 8408900000.0,
            "cost_of_goods_and_services_sold": 4191400000.0,
            "operating_income": -3923200000.0,
            "selling_general_and_administrative": 3192000000.0,
            "research_and_development": 2322000000.0,
            "operating_expenses": 6811800000.0,
            "investment_income_net": 23100000.0,
            "net_interest_income": -172600000.0,
            "interest_income": 400000.0,
            "interest_expense": 173000000.0,
            "non_interest_income": -7900000.0,
            "other_non_operating_income": -1108000000.0,
            "depreciation": null,
            "depreciation_and_amortization": 1880000000.0,
            "income_before_tax": 468000000.0,
            "income_tax_expense": 126000000.0,
            "interest_and_debt_expense": 172600000.0,
            "net_income_from_continuing_operations": -4898000000.0,
            "comprehensive_income_net_of_tax": 1500000000.0,
            "ebit": 641000000.0,
            "ebitda": 3559000000.0,
            "net_income": 342000000.0
        },
        {
            "fiscal_date_ending": "2010-12-31",
            "reported_currency": "USD",
            "gross_profit": 3413000000.0,
            "total_revenue": 12093700000.0,
            "cost_of_revenue": 8680700000.0,
            "cost_of_goods_and_services_sold": 4440100000.0,
            "operating_income": -5376100000.0,
            "selling_general_and_administrative": 3536000000.0,
            "research_and_development": 4559000000.0,
            "operating_expenses": 8965500000.0,
            "investment_income_net": 26300000.0,
            "net_interest_income": -176400000.0,
            "interest_income": -400000.0,
            "interest_expense": 176000000.0,
            "non_interest_income": -130300000.0,
            "other_non_operating_income": -309000000.0,
            "depreciation": null,
            "depreciation_and_amortization": 1866000000.0,
            "income_before_tax": -733000000.0,
            "income_tax_expense": -201000000.0,
            "interest_and_debt_expense": 176400000.0,
            "net_income_from_continuing_operations": -5286800000.0,
            "comprehensive_income_net_of_tax": 604000000.0,
            "ebit": -557000000.0,
            "ebitda": 1620900000.0,
            "net_income": -532000000.0
        },
        {
            "fiscal_date_ending": "2011-03-31",
            "reported_currency": "USD",
            "gross_profit": 4341000000.0,
            "total_revenue": 11352000000.0,
            "cost_of_revenue": 7011000000.0,
            "cost_of_goods_and_services_sold": 4059000000.0,
            "operating_income": -862000000.0,
            "selling_general_and_administrative": 3164000000.0,
            "research_and_development": 2158000000.0,
            "operating_expenses": 5389000000.0,
            "investment_income_net": 41000000.0,
            "net_interest_income": -186000000.0,
            "interest_income": null,
            "interest_expense": 186000000.0,
            "non_interest_income": -42000000.0,
            "other_non_operating_income": -622000000.0,
            "depreciation": null,
            "depreciation_and_amortization": 1831000000.0,
            "income_before_tax": 1701000000.0,
            "income_tax_expense": 658000000.0,
            "interest_and_debt_expense": 186000000.0,
            "net_income_from_continuing_operations": -1963000000.0,
            "comprehensive_income_net_of_tax": 1100000000.0,
            "ebit": 1887000000.0,
            "ebitda": 4209000000.0,
            "net_income": 1043000000.0
        },
        {
            "fiscal_date_ending": "2011-06-30",
            "reported_currency": "USD",
            "gross_profit": 3354000000.0,
            "total_revenue": 11968000000.0,
            "cost_of_revenue": 8614000000.0,
            "cost_of_goods_and_services_sold": 4284000000.0,
            "operating_income": -3019000000.0,
            "selling_general_and_administrative": 3525000000.0,
            "research_and_development": 1936000000.0,
            "operating_expenses": 6555000000.0,
            "investment_income_net": 51000000.0,
            "net_interest_income": -182000000.0,
            "interest_income": -12000000.0,
            "interest_expense": 170000000.0,
            "non_interest_income": -1000000.0,
            "other_non_operating_income": -121000000.0,
            "depreciation": null,
            "depreciation_and_amortization": 1832000000.0,
            "income_before_tax": 1642000000.0,
            "income_tax_expense": -382000000.0,
            "interest_and_debt_expense": 182000000.0,
            "net_income_from_continuing_operations": 2054000000.0,
            "comprehensive_income_net_of_tax": 2400000000.0,
            "ebit": 1812000000.0,
            "ebitda": 4332000000.0,
            "net_income": 2024000000.0
        },
        {
            "fiscal_date_ending": "2011-09-30",
            "reported_currency": "USD",
            "gross_profit": 4077000000.0,
            "total_revenue": 11910000000.0,
            "cost_of_revenue": 7833000000.0,
            "cost_of_goods_and_services_sold": 4352000000.0,
            "operating_income": -1444000000.0,
            "selling_general_and_administrative": 3340000000.0,
            "research_and_development": 1954000000.0,
            "operating_expenses": 5574000000.0,
            "investment_income_net": 45000000.0,
            "net_interest_income": -189000000.0,
            "interest_income": -13000000.0,
            "interest_expense": 176000000.0,
            "non_interest_income": 77000000.0,
            "other_non_operating_income": -66000000.0,
            "depreciation": null,
            "depreciation_and_amortization": 1903000000.0,
            "income_before_tax": 2320000000.0,
            "income_tax_expense": 628000000.0,
            "interest_and_debt_expense": 189000000.0,
            "net_income_from_continuing_operations": 1724000000.0,
            "comprehensive_income_net_of_tax": 1800000000.0,
            "ebit": 2496000000.0,
            "ebitda": 4472000000.0,
            "net_income": 1692000000.0
        },
        {
            "fiscal_date_ending": "2011-12-31",
            "reported_currency": "USD",
            "gross_profit": 4747000000.0,
            "total_revenue": 12061000000.0,
            "cost_of_revenue": 7314000000.0,
            "cost_of_goods_and_services_sold": 4176000000.0,
            "operating_income": -934000000.0,
            "selling_general_and_administrative": 3704000000.0,
            "research_and_development": 2419000000.0,
            "operating_expenses": 5873000000.0,
            "investment_income_net": 62000000.0,
            "net_interest_income": -192000000.0,
            "interest_income": -19000000.0,
            "interest_expense": 173000000.0,
            "non_interest_income": -41000000.0,
            "other_non_operating_income": -137000000.0,
            "depreciation": null,
            "depreciation_and_amortization": 1861000000.0,
            "income_before_tax": 1550000000.0,
            "income_tax_expense": 38000000.0,
            "interest_and_debt_expense": 192000000.0,
            "net_income_from_continuing_operations": 1543000000.0,
            "comprehensive_income_net_of_tax": 1056000000.0,
            "ebit": 1723000000.0,
            "ebitda": 4174000000.0,
            "net_income": 1512000000.0
        },
        {
            "fiscal_date_ending": "2012-03-31",
            "reported_currency": "USD",
            "gross_profit": 4130000000.0,
            "total_revenue": 11469000000.0,
            "cost_of_revenue": 7339000000.0,
            "cost_of_goods_and_services_sold": 4037000000.0,
            "operating_income": -1034000000.0,
            "selling_general_and_administrative": 3074000000.0,
            "research_and_development": 1862000000.0,
            "operating_expenses": 5359000000.0,
            "investment_income_net": 75000000.0,
            "net_interest_income": -195000000.0,
            "interest_income": -20000000.0,
            "interest_expense": 175000000.0,
            "non_interest_income": -67000000.0,
            "other_non_operating_income": -142000000.0,
            "depreciation": null,
            "depreciation_and_amortization": 1790000000.0,
            "income_before_tax": 2478000000.0,
            "income_tax_expense": 740000000.0,
            "interest_and_debt_expense": 195000000.0,
            "net_income_from_continuing_operations": 1767000000.0,
            "comprehensive_income_net_of_tax": 1653000000.0,
            "ebit": 2653000000.0,
            "ebitda": 4758000000.0,
            "net_income": 1738000000.0
        },
        {
            "fiscal_date_ending": "2012-06-30",
            "reported_currency": "USD",
            "gross_profit": 4494000000.0,
            "total_revenue": 12126000000.0,
            "cost_of_revenue": 7632000000.0,
            "cost_of_goods_and_services_sold": 4112000000.0,
            "operating_income": -1191000000.0,
            "selling_general_and_administrative": 3249000000.0,
            "research_and_development": 2165000000.0,
            "operating_expenses": 5857000000.0,
            "investment_income_net": 76000000.0,
            "net_interest_income": -172000000.0,
            "interest_income": null,
            "interest_expense": 172000000.0,
            "non_interest_income": -13000000.0,
            "other_non_operating_income": -103000000.0,
            "depreciation": null,
            "depreciation_and_amortization": 1804000000.0,
            "income_before_tax": 2653000000.0,
            "income_tax_expense": 860000000.0,
            "interest_and_debt_expense": 172000000.0,
            "net_income_from_continuing_operations": 1820000000.0,
            "comprehensive_income_net_of_tax": 3677000000.0,
            "ebit": 2825000000.0,
            "ebitda": 4813000000.0,
            "net_income": 1793000000.0
        },
        {
            "fiscal_date_ending": "2012-09-30",
            "reported_currency": "USD",
            "gross_profit": 3910000000.0,
            "total_revenue": 11260000000.0,
            "cost_of_revenue": 7350000000.0,
            "cost_of_goods_and_services_sold": 4137000000.0,
            "operating_income": -1221000000.0,
            "selling_general_and_administrative": 3063000000.0,
            "research_and_development": 1918000000.0,
            "operating_expenses": 5309000000.0,
            "investment_income_net": 47000000.0,
            "net_interest_income": -178000000.0,
            "interest_income": null,
            "interest_expense": 178000000.0,
            "non_interest_income": -50000000.0,
            "other_non_operating_income": -200000000.0,
            "depreciation": null,
            "depreciation_and_amortization": 1723000000.0,
            "income_before_tax": 2184000000.0,
            "income_tax_expense": 455000000.0,
            "interest_and_debt_expense": 178000000.0,
            "net_income_from_continuing_operations": 1763000000.0,
            "comprehensive_income_net_of_tax": 3544000000.0,
            "ebit": 2362000000.0,
            "ebitda": 4279000000.0,
            "net_income": 1729000000.0
        },
        {
            "fiscal_date_ending": "2012-12-31",
            "reported_currency": "USD",
            "gross_profit": -1790000000.0,
            "total_revenue": 11492000000.0,
            "cost_of_revenue": 13282000000.0,
            "cost_of_goods_and_services_sold": 4160000000.0,
            "operating_income": -13136000000.0,
            "selling_general_and_administrative": 3390000000.0,
            "research_and_development": 2224000000.0,
            "operating_expenses": 11536000000.0,
            "investment_income_net": 55000000.0,
            "net_interest_income": -190000000.0,
            "interest_income": null,
            "interest_expense": 190000000.0,
            "non_interest_income": -55000000.0,
            "other_non_operating_income": -670000000.0,
            "depreciation": null,
            "depreciation_and_amortization": 1661000000.0,
            "income_before_tax": 1292000000.0,
            "income_tax_expense": 385000000.0,
            "interest_and_debt_expense": 190000000.0,
            "net_income_from_continuing_operations": 949000000.0,
            "comprehensive_income_net_of_tax": -5996000000.0,
            "ebit": 1482000000.0,
            "ebitda": 3462000000.0,
            "net_income": 907000000.0
        },
        {
            "fiscal_date_ending": "2013-03-31",
            "reported_currency": "USD",
            "gross_profit": 3180000000.0,
            "total_revenue": 10275000000.0,
            "cost_of_revenue": 7095000000.0,
            "cost_of_goods_and_services_sold": 3959000000.0,
            "operating_income": -1863000000.0,
            "selling_general_and_administrative": 2987000000.0,
            "research_and_development": 1907000000.0,
            "operating_expenses": 5227000000.0,
            "investment_income_net": 57000000.0,
            "net_interest_income": -184000000.0,
            "interest_income": null,
            "interest_expense": 184000000.0,
            "non_interest_income": -212000000.0,
            "other_non_operating_income": -282000000.0,
            "depreciation": null,
            "depreciation_and_amortization": 1674000000.0,
            "income_before_tax": 1527000000.0,
            "income_tax_expense": -66000000.0,
            "interest_and_debt_expense": 184000000.0,
            "net_income_from_continuing_operations": 1616000000.0,
            "comprehensive_income_net_of_tax": 3239000000.0,
            "ebit": 1711000000.0,
            "ebitda": 3739000000.0,
            "net_income": 1593000000.0
        },
        {
            "fiscal_date_ending": "2013-06-30",
            "reported_currency": "USD",
            "gross_profit": 3175000000.0,
            "total_revenue": 10754000000.0,
            "cost_of_revenue": 7579000000.0,
            "cost_of_goods_and_services_sold": 4284000000.0,
            "operating_income": -2221000000.0,
            "selling_general_and_administrative": 3140000000.0,
            "research_and_development": 2101000000.0,
            "operating_expenses": 5597000000.0,
            "investment_income_net": 65000000.0,
            "net_interest_income": -201000000.0,
            "interest_income": null,
            "interest_expense": 201000000.0,
            "non_interest_income": -55000000.0,
            "other_non_operating_income": -201000000.0,
            "depreciation": null,
            "depreciation_and_amortization": 1655000000.0,
            "income_before_tax": 1216000000.0,
            "income_tax_expense": 310000000.0,
            "interest_and_debt_expense": 201000000.0,
            "net_income_from_continuing_operations": 935000000.0,
            "comprehensive_income_net_of_tax": 1681000000.0,
            "ebit": 1417000000.0,
            "ebitda": 3311000000.0,
            "net_income": 906000000.0
        },
        {
            "fiscal_date_ending": "2013-09-30",
            "reported_currency": "USD",
            "gross_profit": 3029000000.0,
            "total_revenue": 10806000000.0,
            "cost_of_revenue": 7777000000.0,
            "cost_of_goods_and_services_sold": 4104000000.0,
            "operating_income": -2304000000.0,
            "selling_general_and_administrative": 2803000000.0,
            "research_and_development": 1660000000.0,
            "operating_expenses": 5548000000.0,
            "investment_income_net": 67000000.0,
            "net_interest_income": -215000000.0,
            "interest_income": null,
            "interest_expense": 215000000.0,
            "non_interest_income": -11000000.0,
            "other_non_operating_income": -172000000.0,
            "depreciation": null,
            "depreciation_and_amortization": 1705000000.0,
            "income_before_tax": 1499000000.0,
            "income_tax_expense": 375000000.0,
            "interest_and_debt_expense": 215000000.0,
            "net_income_from_continuing_operations": 1150000000.0,
            "comprehensive_income_net_of_tax": 2310000000.0,
            "ebit": 1714000000.0,
            "ebitda": 4326000000.0,
            "net_income": 1124000000.0
        },
        {
            "fiscal_date_ending": "2013-12-31",
            "reported_currency": "USD",
            "gross_profit": -1968000000.0,
            "total_revenue": 11157000000.0,
            "cost_of_revenue": 13125000000.0,
            "cost_of_goods_and_services_sold": 4607000000.0,
            "operating_income": -12321000000.0,
            "selling_general_and_administrative": 2982000000.0,
            "research_and_development": 1835000000.0,
            "operating_expenses": 10554000000.0,
            "investment_income_net": 75000000.0,
            "net_interest_income": -201000000.0,
            "interest_income": null,
            "interest_expense": 201000000.0,
            "non_interest_income": -12000000.0,
            "other_non_operating_income": 245000000.0,
            "depreciation": null,
            "depreciation_and_amortization": 1954000000.0,
            "income_before_tax": 1191000000.0,
            "income_tax_expense": 410000000.0,
            "interest_and_debt_expense": 201000000.0,
            "net_income_from_continuing_operations": 815000000.0,
            "comprehensive_income_net_of_tax": -341000000.0,
            "ebit": 1392000000.0,
            "ebitda": 3957000000.0,
            "net_income": 781000000.0
        },
        {
            "fiscal_date_ending": "2014-03-31",
            "reported_currency": "USD",
            "gross_profit": 3462000000.0,
            "total_revenue": 10224000000.0,
            "cost_of_revenue": 6762000000.0,
            "cost_of_goods_and_services_sold": 3903000000.0,
            "operating_income": -789000000.0,
            "selling_general_and_administrative": 2734000000.0,
            "research_and_development": 1574000000.0,
            "operating_expenses": 4439000000.0,
            "investment_income_net": 61000000.0,
            "net_interest_income": -188000000.0,
            "interest_income": null,
            "interest_expense": 188000000.0,
            "non_interest_income": 148000000.0,
            "other_non_operating_income": 163000000.0,
            "depreciation": null,
            "depreciation_and_amortization": 1754000000.0,
            "income_before_tax": 2065000000.0,
            "income_tax_expense": 360000000.0,
            "interest_and_debt_expense": 188000000.0,
            "net_income_from_continuing_operations": 1731000000.0,
            "comprehensive_income_net_of_tax": 3428000000.0,
            "ebit": 2253000000.0,
            "ebitda": 4192000000.0,
            "net_income": 1705000000.0
        },
        {
            "fiscal_date_ending": "2014-06-30",
            "reported_currency": "USD",
            "gross_profit": 2778000000.0,
            "total_revenue": 11467000000.0,
            "cost_of_revenue": 8689000000.0,
            "cost_of_goods_and_services_sold": 4893000000.0,
            "operating_income": -1941000000.0,
            "selling_general_and_administrative": 2973000000.0,
            "research_and_development": 1664000000.0,
            "operating_expenses": 4907000000.0,
            "investment_income_net": 59000000.0,
            "net_interest_income": -188000000.0,
            "interest_income": null,
            "interest_expense": 188000000.0,
            "non_interest_income": 721000000.0,
            "other_non_operating_income": 650000000.0,
            "depreciation": null,
            "depreciation_and_amortization": 1753000000.0,
            "income_before_tax": 1862000000.0,
            "income_tax_expense": -142000000.0,
            "interest_and_debt_expense": 188000000.0,
            "net_income_from_continuing_operations": 2033000000.0,
            "comprehensive_income_net_of_tax": 3743000000.0,
            "ebit": 2050000000.0,
            "ebitda": 4015000000.0,
            "net_income": 2004000000.0
        },
        {
            "fiscal_date_ending": "2014-09-30",
            "reported_currency": "USD",
            "gross_profit": 2283000000.0,
            "total_revenue": 10305000000.0,
            "cost_of_revenue": 8022000000.0,
            "cost_of_goods_and_services_sold": 4223000000.0,
            "operating_income": -3175000000.0,
            "selling_general_and_administrative": 2975000000.0,
            "research_and_development": 1659000000.0,
            "operating_expenses": 5458000000.0,
            "investment_income_net": 69000000.0,
            "net_interest_income": -191000000.0,
            "interest_income": null,
            "interest_expense": 191000000.0,
            "non_interest_income": -61000000.0,
            "other_non_operating_income": 166000000.0,
            "depreciation": null,
            "depreciation_and_amortization": 1611000000.0,
            "income_before_tax": 1543000000.0,
            "income_tax_expense": 648000000.0,
            "interest_and_debt_expense": 191000000.0,
            "net_income_from_continuing_operations": 842000000.0,
            "comprehensive_income_net_of_tax": 341000000.0,
            "ebit": 1734000000.0,
            "ebitda": 3729000000.0,
            "net_income": 895000000.0
        },
        {
            "fiscal_date_ending": "2014-12-31",
            "reported_currency": "USD",
            "gross_profit": -2177000000.0,
            "total_revenue": 9059000000.0,
            "cost_of_revenue": 11236000000.0,
            "cost_of_goods_and_services_sold": 3749000000.0,
            "operating_income": -11947000000.0,
            "selling_general_and_administrative": 2925000000.0,
            "research_and_development": 2283000000.0,
            "operating_expenses": 10334000000.0,
            "investment_income_net": 76000000.0,
            "net_interest_income": -165000000.0,
            "interest_income": null,
            "interest_expense": 165000000.0,
            "non_interest_income": -1258000000.0,
            "other_non_operating_income": 10635000000.0,
            "depreciation": null,
            "depreciation_and_amortization": 1573000000.0,
            "income_before_tax": 11800000000.0,
            "income_tax_expense": 4484000000.0,
            "interest_and_debt_expense": 793000000.0,
            "net_income_from_continuing_operations": 7327000000.0,
            "comprehensive_income_net_of_tax": 5991000000.0,
            "ebit": 11965000000.0,
            "ebitda": 13964000000.0,
            "net_income": 7316000000.0
        },
        {
            "fiscal_date_ending": "2015-03-31",
            "reported_currency": "USD",
            "gross_profit": 2900000000.0,
            "total_revenue": 9166000000.0,
            "cost_of_revenue": 6266000000.0,
            "cost_of_goods_and_services_sold": 3569000000.0,
            "operating_income": -1534000000.0,
            "selling_general_and_administrative": 2601000000.0,
            "research_and_development": 1737000000.0,
            "operating_expenses": 4434000000.0,
            "investment_income_net": 74000000.0,
            "net_interest_income": -164000000.0,
            "interest_income": null,
            "interest_expense": 164000000.0,
            "non_interest_income": -95000000.0,
            "other_non_operating_income": -55000000.0,
            "depreciation": null,
            "depreciation_and_amortization": 1637000000.0,
            "income_before_tax": 1376000000.0,
            "income_tax_expense": 423000000.0,
            "interest_and_debt_expense": 164000000.0,
            "net_income_from_continuing_operations": 958000000.0,
            "comprehensive_income_net_of_tax": 1109000000.0,
            "ebit": 1540000000.0,
            "ebitda": 3359000000.0,
            "net_income": 953000000.0
        },
        {
            "fiscal_date_ending": "2015-06-30",
            "reported_currency": "USD",
            "gross_profit": 2267000000.0,
            "total_revenue": 8895000000.0,
            "cost_of_revenue": 6628000000.0,
            "cost_of_goods_and_services_sold": 3754000000.0,
            "operating_income": -2277000000.0,
            "selling_general_and_administrative": 2624000000.0,
            "research_and_development": 1670000000.0,
            "operating_expenses": 4544000000.0,
            "investment_income_net": 71000000.0,
            "net_interest_income": -174000000.0,
            "interest_income": null,
            "interest_expense": 174000000.0,
            "non_interest_income": -716000000.0,
            "other_non_operating_income": -739000000.0,
            "depreciation": null,
            "depreciation_and_amortization": 1608000000.0,
            "income_before_tax": 806000000.0,
            "income_tax_expense": 119000000.0,
            "interest_and_debt_expense": 174000000.0,
            "net_income_from_continuing_operations": 688000000.0,
            "comprehensive_income_net_of_tax": 522000000.0,
            "ebit": 980000000.0,
            "ebitda": 3496000000.0,
            "net_income": 687000000.0
        },
        {
            "fiscal_date_ending": "2015-09-30",
            "reported_currency": "USD",
            "gross_profit": 3334000000.0,
            "total_revenue": 9680000000.0,
            "cost_of_revenue": 6346000000.0,
            "cost_of_goods_and_services_sold": 3761000000.0,
            "operating_income": -751000000.0,
            "selling_general_and_administrative": 2472000000.0,
            "research_and_development": 1500000000.0,
            "operating_expenses": 4085000000.0,
            "investment_income_net": 68000000.0,
            "net_interest_income": -165000000.0,
            "interest_income": null,
            "interest_expense": 165000000.0,
            "non_interest_income": -228000000.0,
            "other_non_operating_income": 170000000.0,
            "depreciation": null,
            "depreciation_and_amortization": 1570000000.0,
            "income_before_tax": 2392000000.0,
            "income_tax_expense": 566000000.0,
            "interest_and_debt_expense": 165000000.0,
            "net_income_from_continuing_operations": 1831000000.0,
            "comprehensive_income_net_of_tax": 1585000000.0,
            "ebit": 2557000000.0,
            "ebitda": 4473000000.0,
            "net_income": 1826000000.0
        },
        {
            "fiscal_date_ending": "2015-12-31",
            "reported_currency": "USD",
            "gross_profit": -1773000000.0,
            "total_revenue": 9807000000.0,
            "cost_of_revenue": 11580000000.0,
            "cost_of_goods_and_services_sold": 3850000000.0,
            "operating_income": -11981000000.0,
            "selling_general_and_administrative": 2615000000.0,
            "research_and_development": 1798000000.0,
            "operating_expenses": 10208000000.0,
            "investment_income_net": 75000000.0,
            "net_interest_income": -169000000.0,
            "interest_income": null,
            "interest_expense": 169000000.0,
            "non_interest_income": -239000000.0,
            "other_non_operating_income": -903000000.0,
            "depreciation": null,
            "depreciation_and_amortization": 1560000000.0,
            "income_before_tax": 811000000.0,
            "income_tax_expense": -166000000.0,
            "interest_and_debt_expense": 169000000.0,
            "net_income_from_continuing_operations": 982000000.0,
            "comprehensive_income_net_of_tax": 1402000000.0,
            "ebit": 980000000.0,
            "ebitda": 3017000000.0,
            "net_income": 977000000.0
        },
        {
            "fiscal_date_ending": "2016-03-31",
            "reported_currency": "USD",
            "gross_profit": 2844000000.0,
            "total_revenue": 9102000000.0,
            "cost_of_revenue": 6258000000.0,
            "cost_of_goods_and_services_sold": 3572000000.0,
            "operating_income": -1501000000.0,
            "selling_general_and_administrative": 2318000000.0,
            "research_and_development": 1659000000.0,
            "operating_expenses": 4345000000.0,
            "investment_income_net": 79000000.0,
            "net_interest_income": -172000000.0,
            "interest_income": null,
            "interest_expense": 172000000.0,
            "non_interest_income": -38000000.0,
            "other_non_operating_income": -48000000.0,
            "depreciation": null,
            "depreciation_and_amortization": 1561000000.0,
            "income_before_tax": 1619000000.0,
            "income_tax_expense": 494000000.0,
            "interest_and_debt_expense": 172000000.0,
            "net_income_from_continuing_operations": 1130000000.0,
            "comprehensive_income_net_of_tax": 1079000000.0,
            "ebit": 1791000000.0,
            "ebitda": 3486000000.0,
            "net_income": 1125000000.0
        },
        {
            "fiscal_date_ending": "2016-06-30",
            "reported_currency": "USD",
            "gross_profit": 3176000000.0,
            "total_revenue": 9636000000.0,
            "cost_of_revenue": 6460000000.0,
            "cost_of_goods_and_services_sold": 3578000000.0,
            "operating_income": -1742000000.0,
            "selling_general_and_administrative": 2458000000.0,
            "research_and_development": 2151000000.0,
            "operating_expenses": 4918000000.0,
            "investment_income_net": 78000000.0,
            "net_interest_income": -171000000.0,
            "interest_income": null,
            "interest_expense": 171000000.0,
            "non_interest_income": -37000000.0,
            "other_non_operating_income": -19000000.0,
            "depreciation": null,
            "depreciation_and_amortization": 1550000000.0,
            "income_before_tax": 1500000000.0,
            "income_tax_expense": 295000000.0,
            "interest_and_debt_expense": 171000000.0,
            "net_income_from_continuing_operations": 1209000000.0,
            "comprehensive_income_net_of_tax": 1313000000.0,
            "ebit": 1671000000.0,
            "ebitda": 3396000000.0,
            "net_income": 1205000000.0
        },
        {
            "fiscal_date_ending": "2016-09-30",
            "reported_currency": "USD",
            "gross_profit": 4400000000.0,
            "total_revenue": 10363000000.0,
            "cost_of_revenue": 5963000000.0,
            "cost_of_goods_and_services_sold": 3409000000.0,
            "operating_income": 182000000.0,
            "selling_general_and_administrative": 2393000000.0,
            "research_and_development": 1664000000.0,
            "operating_expenses": 4218000000.0,
            "investment_income_net": 87000000.0,
            "net_interest_income": -170000000.0,
            "interest_income": null,
            "interest_expense": 170000000.0,
            "non_interest_income": -3000000.0,
            "other_non_operating_income": -22000000.0,
            "depreciation": null,
            "depreciation_and_amortization": 1175000000.0,
            "income_before_tax": 2883000000.0,
            "income_tax_expense": 699000000.0,
            "interest_and_debt_expense": 170000000.0,
            "net_income_from_continuing_operations": 2188000000.0,
            "comprehensive_income_net_of_tax": 2018000000.0,
            "ebit": 3053000000.0,
            "ebitda": 4396000000.0,
            "net_income": 2184000000.0
        },
        {
            "fiscal_date_ending": "2016-12-31",
            "reported_currency": "USD",
            "gross_profit": -3526000000.0,
            "total_revenue": 10707000000.0,
            "cost_of_revenue": 13366000000.0,
            "cost_of_goods_and_services_sold": 3471000000.0,
            "operating_income": -18951000000.0,
            "selling_general_and_administrative": 2848000000.0,
            "research_and_development": 4786000000.0,
            "operating_expenses": 15425000000.0,
            "investment_income_net": 84000000.0,
            "net_interest_income": -180000000.0,
            "interest_income": null,
            "interest_expense": 180000000.0,
            "non_interest_income": -95000000.0,
            "other_non_operating_income": -101000000.0,
            "depreciation": null,
            "depreciation_and_amortization": 1155000000.0,
            "income_before_tax": -1364000000.0,
            "income_tax_expense": -769000000.0,
            "interest_and_debt_expense": 180000000.0,
            "net_income_from_continuing_operations": -587000000.0,
            "comprehensive_income_net_of_tax": -1569000000.0,
            "ebit": -1184000000.0,
            "ebitda": 339000000.0,
            "net_income": -595000000.0
        },
        {
            "fiscal_date_ending": "2017-03-31",
            "reported_currency": "USD",
            "gross_profit": 3603000000.0,
            "total_revenue": 9435000000.0,
            "cost_of_revenue": 5657000000.0,
            "cost_of_goods_and_services_sold": 3049000000.0,
            "operating_income": -835000000.0,
            "selling_general_and_administrative": 2472000000.0,
            "research_and_development": 1830000000.0,
            "operating_expenses": 4438000000.0,
            "investment_income_net": 97000000.0,
            "net_interest_income": -182000000.0,
            "interest_income": null,
            "interest_expense": 182000000.0,
            "non_interest_income": 8000000.0,
            "other_non_operating_income": 71000000.0,
            "depreciation": null,
            "depreciation_and_amortization": 1193000000.0,
            "income_before_tax": 1998000000.0,
            "income_tax_expense": 447000000.0,
            "interest_and_debt_expense": 182000000.0,
            "net_income_from_continuing_operations": 1556000000.0,
            "comprehensive_income_net_of_tax": 1697000000.0,
            "ebit": 2180000000.0,
            "ebitda": 3521000000.0,
            "net_income": 1551000000.0
        },
        {
            "fiscal_date_ending": "2017-06-30",
            "reported_currency": "USD",
            "gross_profit": 4034000000.0,
            "total_revenue": 9930000000.0,
            "cost_of_revenue": 5684000000.0,
            "cost_of_goods_and_services_sold": 3116000000.0,
            "operating_income": -319000000.0,
            "selling_general_and_administrative": 2500000000.0,
            "research_and_development": 1782000000.0,
            "operating_expenses": 4353000000.0,
            "investment_income_net": 96000000.0,
            "net_interest_income": -193000000.0,
            "interest_income": null,
            "interest_expense": 193000000.0,
            "non_interest_income": -19000000.0,
            "other_non_operating_income": 73000000.0,
            "depreciation": null,
            "depreciation_and_amortization": 1162000000.0,
            "income_before_tax": 2434000000.0,
            "income_tax_expense": 488000000.0,
            "interest_and_debt_expense": 193000000.0,
            "net_income_from_continuing_operations": 1951000000.0,
            "comprehensive_income_net_of_tax": 1932000000.0,
            "ebit": 2627000000.0,
            "ebitda": 3979000000.0,
            "net_income": 1946000000.0
        },
        {
            "fiscal_date_ending": "2017-09-30",
            "reported_currency": "USD",
            "gross_profit": 4069000000.0,
            "total_revenue": 10325000000.0,
            "cost_of_revenue": 6073000000.0,
            "cost_of_goods_and_services_sold": 3307000000.0,
            "operating_income": -3113000000.0,
            "selling_general_and_administrative": 2459000000.0,
            "research_and_development": 4413000000.0,
            "operating_expenses": 7182000000.0,
            "investment_income_net": 90000000.0,
            "net_interest_income": -189000000.0,
            "interest_income": null,
            "interest_expense": 189000000.0,
            "non_interest_income": 6000000.0,
            "other_non_operating_income": 207000000.0,
            "depreciation": null,
            "depreciation_and_amortization": 1154000000.0,
            "income_before_tax": 195000000.0,
            "income_tax_expense": 251000000.0,
            "interest_and_debt_expense": 189000000.0,
            "net_income_from_continuing_operations": -51000000.0,
            "comprehensive_income_net_of_tax": 93000000.0,
            "ebit": 384000000.0,
            "ebitda": 1690000000.0,
            "net_income": -56000000.0
        },
        {
            "fiscal_date_ending": "2017-12-31",
            "reported_currency": "USD",
            "gross_profit": 307000000.0,
            "total_revenue": 10433000000.0,
            "cost_of_revenue": 9761000000.0,
            "cost_of_goods_and_services_sold": 3440000000.0,
            "operating_income": -8329000000.0,
            "selling_general_and_administrative": 2642000000.0,
            "research_and_development": 2315000000.0,
            "operating_expenses": 8636000000.0,
            "investment_income_net": 101000000.0,
            "net_interest_income": -190000000.0,
            "interest_income": null,
            "interest_expense": 190000000.0,
            "non_interest_income": -175000000.0,
            "other_non_operating_income": 149000000.0,
            "depreciation": null,
            "depreciation_and_amortization": 1128000000.0,
            "income_before_tax": 1871000000.0,
            "income_tax_expense": 2917000000.0,
            "interest_and_debt_expense": 381000000.0,
            "net_income_from_continuing_operations": -1038000000.0,
            "comprehensive_income_net_of_tax": -1011000000.0,
            "ebit": 2061000000.0,
            "ebitda": 3487000000.0,
            "net_income": -1046000000.0
        },
        {
            "fiscal_date_ending": "2018-03-31",
            "reported_currency": "USD",
            "gross_profit": 4058000000.0,
            "total_revenue": 10037000000.0,
            "cost_of_revenue": 5787000000.0,
            "cost_of_goods_and_services_sold": 3184000000.0,
            "operating_income": -1741000000.0,
            "selling_general_and_administrative": 2508000000.0,
            "research_and_development": 3196000000.0,
            "operating_expenses": 5799000000.0,
            "investment_income_net": 85000000.0,
            "net_interest_income": -185000000.0,
            "interest_income": null,
            "interest_expense": 185000000.0,
            "non_interest_income": -7000000.0,
            "other_non_operating_income": 291000000.0,
            "depreciation": null,
            "depreciation_and_amortization": 1137000000.0,
            "income_before_tax": 1340000000.0,
            "income_tax_expense": 604000000.0,
            "interest_and_debt_expense": 185000000.0,
            "net_income_from_continuing_operations": 741000000.0,
            "comprehensive_income_net_of_tax": 860000000.0,
            "ebit": 1525000000.0,
            "ebitda": 2744000000.0,
            "net_income": 736000000.0
        },
        {
            "fiscal_date_ending": "2018-06-30",
            "reported_currency": "USD",
            "gross_profit": 4442000000.0,
            "total_revenue": 10465000000.0,
            "cost_of_revenue": 6023000000.0,
            "cost_of_goods_and_services_sold": 3417000000.0,
            "operating_income": -568000000.0,
            "selling_general_and_administrative": 2508000000.0,
            "research_and_development": 2274000000.0,
            "operating_expenses": 5010000000.0,
            "investment_income_net": 81000000.0,
            "net_interest_income": -194000000.0,
            "interest_income": null,
            "interest_expense": 194000000.0,
            "non_interest_income": -71000000.0,
            "other_non_operating_income": 48000000.0,
            "depreciation": null,
            "depreciation_and_amortization": 1290000000.0,
            "income_before_tax": 2077000000.0,
            "income_tax_expense": 370000000.0,
            "interest_and_debt_expense": 194000000.0,
            "net_income_from_continuing_operations": 1716000000.0,
            "comprehensive_income_net_of_tax": 1645000000.0,
            "ebit": 2271000000.0,
            "ebitda": 3716000000.0,
            "net_income": 1707000000.0
        },
        {
            "fiscal_date_ending": "2018-09-30",
            "reported_currency": "USD",
            "gross_profit": 4680000000.0,
            "total_revenue": 10794000000.0,
            "cost_of_revenue": 6114000000.0,
            "cost_of_goods_and_services_sold": 3619000000.0,
            "operating_income": -2000000.0,
            "selling_general_and_administrative": 2443000000.0,
            "research_and_development": 2068000000.0,
            "operating_expenses": 4682000000.0,
            "investment_income_net": 92000000.0,
            "net_interest_income": -190000000.0,
            "interest_income": null,
            "interest_expense": 190000000.0,
            "non_interest_income": -42000000.0,
            "other_non_operating_income": 172000000.0,
            "depreciation": null,
            "depreciation_and_amortization": 1094000000.0,
            "income_before_tax": 2657000000.0,
            "income_tax_expense": 707000000.0,
            "interest_and_debt_expense": 190000000.0,
            "net_income_from_continuing_operations": 1958000000.0,
            "comprehensive_income_net_of_tax": 1921000000.0,
            "ebit": 2847000000.0,
            "ebitda": 3964000000.0,
            "net_income": 1950000000.0
        },
        {
            "fiscal_date_ending": "2018-12-31",
            "reported_currency": "USD",
            "gross_profit": 1860000000.0,
            "total_revenue": 10998000000.0,
            "cost_of_revenue": 9138000000.0,
            "cost_of_goods_and_services_sold": 3289000000.0,
            "operating_income": -6331000000.0,
            "selling_general_and_administrative": 2643000000.0,
            "research_and_development": 2214000000.0,
            "operating_expenses": 8191000000.0,
            "investment_income_net": 86000000.0,
            "net_interest_income": -203000000.0,
            "interest_income": null,
            "interest_expense": 203000000.0,
            "non_interest_income": -26000000.0,
            "other_non_operating_income": -110000000.0,
            "depreciation": null,
            "depreciation_and_amortization": 1095000000.0,
            "income_before_tax": 2653000000.0,
            "income_tax_expense": 826000000.0,
            "interest_and_debt_expense": 203000000.0,
            "net_income_from_continuing_operations": 1778000000.0,
            "comprehensive_income_net_of_tax": 1433000000.0,
            "ebit": 2856000000.0,
            "ebitda": 3742000000.0,
            "net_income": 1827000000.0
        },
        {
            "fiscal_date_ending": "2019-03-31",
            "reported_currency": "USD",
            "gross_profit": 5223000000.0,
            "total_revenue": 10816000000.0,
            "cost_of_revenue": 5593000000.0,
            "cost_of_goods_and_services_sold": 3052000000.0,
            "operating_income": 610000000.0,
            "selling_general_and_administrative": 2425000000.0,
            "research_and_development": 1931000000.0,
            "operating_expenses": 4613000000.0,
            "investment_income_net": 89000000.0,
            "net_interest_income": -209000000.0,
            "interest_income": 246000000.0,
            "interest_expense": 209000000.0,
            "non_interest_income": -101000000.0,
            "other_non_operating_income": -188000000.0,
            "depreciation": null,
            "depreciation_and_amortization": 898000000.0,
            "income_before_tax": 3120000000.0,
            "income_tax_expense": 205000000.0,
            "interest_and_debt_expense": 209000000.0,
            "net_income_from_continuing_operations": 2862000000.0,
            "comprehensive_income_net_of_tax": 3114000000.0,
            "ebit": 3329000000.0,
            "ebitda": 4453000000.0,
            "net_income": 2915000000.0
        },
        {
            "fiscal_date_ending": "2019-06-30",
            "reported_currency": "USD",
            "gross_profit": 5650000000.0,
            "total_revenue": 11760000000.0,
            "cost_of_revenue": 6110000000.0,
            "cost_of_goods_and_services_sold": 3401000000.0,
            "operating_income": 612000000.0,
            "selling_general_and_administrative": 2712000000.0,
            "research_and_development": 2189000000.0,
            "operating_expenses": 5038000000.0,
            "investment_income_net": 75000000.0,
            "net_interest_income": -233000000.0,
            "interest_income": 75000000.0,
            "interest_expense": 233000000.0,
            "non_interest_income": -27000000.0,
            "other_non_operating_income": -140000000.0,
            "depreciation": null,
            "depreciation_and_amortization": 973000000.0,
            "income_before_tax": 3285000000.0,
            "income_tax_expense": 615000000.0,
            "interest_and_debt_expense": 233000000.0,
            "net_income_from_continuing_operations": 2644000000.0,
            "comprehensive_income_net_of_tax": 2654000000.0,
            "ebit": 3518000000.0,
            "ebitda": 4493000000.0,
            "net_income": 2670000000.0
        },
        {
            "fiscal_date_ending": "2019-09-30",
            "reported_currency": "USD",
            "gross_profit": 5102000000.0,
            "total_revenue": 12397000000.0,
            "cost_of_revenue": 7295000000.0,
            "cost_of_goods_and_services_sold": 3990000000.0,
            "operating_income": -1535000000.0,
            "selling_general_and_administrative": 2589000000.0,
            "research_and_development": 3204000000.0,
            "operating_expenses": 6637000000.0,
            "investment_income_net": 61000000.0,
            "net_interest_income": -231000000.0,
            "interest_income": 61000000.0,
            "interest_expense": 231000000.0,
            "non_interest_income": -38000000.0,
            "other_non_operating_income": -35000000.0,
            "depreciation": null,
            "depreciation_and_amortization": 845000000.0,
            "income_before_tax": 2341000000.0,
            "income_tax_expense": 440000000.0,
            "interest_and_debt_expense": 231000000.0,
            "net_income_from_continuing_operations": 1907000000.0,
            "comprehensive_income_net_of_tax": 1873000000.0,
            "ebit": 2572000000.0,
            "ebitda": 3677000000.0,
            "net_income": 1901000000.0
        },
        {
            "fiscal_date_ending": "2019-12-31",
            "reported_currency": "USD",
            "gross_profit": 3076000000.0,
            "total_revenue": 4149000000.0,
            "cost_of_revenue": 8792000000.0,
            "cost_of_goods_and_services_sold": 1573000000.0,
            "operating_income": -4731000000.0,
            "selling_general_and_administrative": 1729000000.0,
            "research_and_development": 2400000000.0,
            "operating_expenses": 7807000000.0,
            "investment_income_net": 49000000.0,
            "net_interest_income": -219000000.0,
            "interest_income": 49000000.0,
            "interest_expense": 219000000.0,
            "non_interest_income": -21000000.0,
            "other_non_operating_income": 233000000.0,
            "depreciation": null,
            "depreciation_and_amortization": 936000000.0,
            "income_before_tax": 2662000000.0,
            "income_tax_expense": 306000000.0,
            "interest_and_debt_expense": 219000000.0,
            "net_income_from_continuing_operations": -1724000000.0,
            "comprehensive_income_net_of_tax": 1553000000.0,
            "ebit": 2881000000.0,
            "ebitda": 4041000000.0,
            "net_income": 2356000000.0
        },
        {
            "fiscal_date_ending": "2020-03-31",
            "reported_currency": "USD",
            "gross_profit": 6208000000.0,
            "total_revenue": 12057000000.0,
            "cost_of_revenue": 5849000000.0,
            "cost_of_goods_and_services_sold": 3312000000.0,
            "operating_income": 1372000000.0,
            "selling_general_and_administrative": 2555000000.0,
            "research_and_development": 2209000000.0,
            "operating_expenses": 4836000000.0,
            "investment_income_net": 25000000.0,
            "net_interest_income": -212000000.0,
            "interest_income": 25000000.0,
            "interest_expense": 212000000.0,
            "non_interest_income": -54000000.0,
            "other_non_operating_income": -71000000.0,
            "depreciation": 411000000.0,
            "depreciation_and_amortization": 821000000.0,
            "income_before_tax": 3838000000.0,
            "income_tax_expense": 619000000.0,
            "interest_and_debt_expense": 212000000.0,
            "net_income_from_continuing_operations": 2471000000.0,
            "comprehensive_income_net_of_tax": 3021000000.0,
            "ebit": 4050000000.0,
            "ebitda": 4945000000.0,
            "net_income": 3219000000.0
        },
        {
            "fiscal_date_ending": "2020-06-30",
            "reported_currency": "USD",
            "gross_profit": 5332000000.0,
            "total_revenue": 9353000000.0,
            "cost_of_revenue": 5540000000.0,
            "cost_of_goods_and_services_sold": 2747000000.0,
            "operating_income": 748000000.0,
            "selling_general_and_administrative": 2085000000.0,
            "research_and_development": 2085000000.0,
            "operating_expenses": 4584000000.0,
            "investment_income_net": 14000000.0,
            "net_interest_income": -209000000.0,
            "interest_income": 14000000.0,
            "interest_expense": 209000000.0,
            "non_interest_income": -24000000.0,
            "other_non_operating_income": 387000000.0,
            "depreciation": 397000000.0,
            "depreciation_and_amortization": 975000000.0,
            "income_before_tax": 3398000000.0,
            "income_tax_expense": 396000000.0,
            "interest_and_debt_expense": 209000000.0,
            "net_income_from_continuing_operations": 2341000000.0,
            "comprehensive_income_net_of_tax": 3000000000.0,
            "ebit": 3607000000.0,
            "ebitda": 3480000000.0,
            "net_income": 3002000000.0
        },
        {
            "fiscal_date_ending": "2020-09-30",
            "reported_currency": "USD",
            "gross_profit": 6594000000.0,
            "total_revenue": 10929000000.0,
            "cost_of_revenue": 5957000000.0,
            "cost_of_goods_and_services_sold": 3013000000.0,
            "operating_income": 640000000.0,
            "selling_general_and_administrative": 2060000000.0,
            "research_and_development": 3349000000.0,
            "operating_expenses": 5954000000.0,
            "investment_income_net": 9000000.0,
            "net_interest_income": -203000000.0,
            "interest_income": 156000000.0,
            "interest_expense": 203000000.0,
            "non_interest_income": -10000000.0,
            "other_non_operating_income": 312000000.0,
            "depreciation": 402000000.0,
            "depreciation_and_amortization": 807000000.0,
            "income_before_tax": 3321000000.0,
            "income_tax_expense": 380000000.0,
            "interest_and_debt_expense": 203000000.0,
            "net_income_from_continuing_operations": 2324000000.0,
            "comprehensive_income_net_of_tax": 2951000000.0,
            "ebit": 3524000000.0,
            "ebitda": 3479000000.0,
            "net_income": 2941000000.0
        },
        {
            "fiscal_date_ending": "2020-12-31",
            "reported_currency": "USD",
            "gross_profit": 85000000.0,
            "total_revenue": 10948000000.0,
            "cost_of_revenue": 12430000000.0,
            "cost_of_goods_and_services_sold": 5029000000.0,
            "operating_income": -12729000000.0,
            "selling_general_and_administrative": 2619000000.0,
            "research_and_development": 5788000000.0,
            "operating_expenses": 12814000000.0,
            "investment_income_net": 11000000.0,
            "net_interest_income": -207000000.0,
            "interest_income": 11000000.0,
            "interest_expense": 207000000.0,
            "non_interest_income": -56000000.0,
            "other_non_operating_income": 253000000.0,
            "depreciation": 459000000.0,
            "depreciation_and_amortization": 904000000.0,
            "income_before_tax": -2025000000.0,
            "income_tax_expense": 69000000.0,
            "interest_and_debt_expense": 207000000.0,
            "net_income_from_continuing_operations": -2617000000.0,
            "comprehensive_income_net_of_tax": -2345000000.0,
            "ebit": -1818000000.0,
            "ebitda": -891000000.0,
            "net_income": -2094000000.0
        },
        {
            "fiscal_date_ending": "2021-03-31",
            "reported_currency": "USD",
            "gross_profit": 5568000000.0,
            "total_revenue": 10627000000.0,
            "cost_of_revenue": 6512000000.0,
            "cost_of_goods_and_services_sold": 3199000000.0,
            "operating_income": 172000000.0,
            "selling_general_and_administrative": 2187000000.0,
            "research_and_development": 2412000000.0,
            "operating_expenses": 5396000000.0,
            "investment_income_net": 11000000.0,
            "net_interest_income": -200000000.0,
            "interest_income": 11000000.0,
            "interest_expense": 200000000.0,
            "non_interest_income": -47000000.0,
            "other_non_operating_income": 455000000.0,
            "depreciation": 378000000.0,
            "depreciation_and_amortization": 892000000.0,
            "income_before_tax": 3417000000.0,
            "income_tax_expense": 238000000.0,
            "interest_and_debt_expense": 200000000.0,
            "net_income_from_continuing_operations": 2745000000.0,
            "comprehensive_income_net_of_tax": 3191000000.0,
            "ebit": 3617000000.0,
            "ebitda": 3843000000.0,
            "net_income": 3179000000.0
        },
        {
            "fiscal_date_ending": "2021-06-30",
            "reported_currency": "USD",
            "gross_profit": 6045000000.0,
            "total_revenue": 11402000000.0,
            "cost_of_revenue": 5357000000.0,
            "cost_of_goods_and_services_sold": 3104000000.0,
            "operating_income": -639000000.0,
            "selling_general_and_administrative": 2281000000.0,
            "research_and_development": 4321000000.0,
            "operating_expenses": 6684000000.0,
            "investment_income_net": 9000000.0,
            "net_interest_income": -202000000.0,
            "interest_income": 9000000.0,
            "interest_expense": 202000000.0,
            "non_interest_income": -114000000.0,
            "other_non_operating_income": 103000000.0,
            "depreciation": 371000000.0,
            "depreciation_and_amortization": 728000000.0,
            "income_before_tax": 2048000000.0,
            "income_tax_expense": 503000000.0,
            "interest_and_debt_expense": 202000000.0,
            "net_income_from_continuing_operations": 1213000000.0,
            "comprehensive_income_net_of_tax": 3090000000.0,
            "ebit": 2250000000.0,
            "ebitda": 2563000000.0,
            "net_income": 1545000000.0
        },
        {
            "fiscal_date_ending": "2021-09-30",
            "reported_currency": "USD",
            "gross_profit": 7221000000.0,
            "total_revenue": 13154000000.0,
            "cost_of_revenue": 5933000000.0,
            "cost_of_goods_and_services_sold": 3450000000.0,
            "operating_income": 2333000000.0,
            "selling_general_and_administrative": 2336000000.0,
            "research_and_development": 2445000000.0,
            "operating_expenses": 4888000000.0,
            "investment_income_net": 7000000.0,
            "net_interest_income": -196000000.0,
            "interest_income": 684000000.0,
            "interest_expense": 196000000.0,
            "non_interest_income": -46000000.0,
            "other_non_operating_income": 450000000.0,
            "depreciation": 399000000.0,
            "depreciation_and_amortization": 759000000.0,
            "income_before_tax": 5262000000.0,
            "income_tax_expense": 695000000.0,
            "interest_and_debt_expense": 196000000.0,
            "net_income_from_continuing_operations": 4567000000.0,
            "comprehensive_income_net_of_tax": 4605000000.0,
            "ebit": 5458000000.0,
            "ebitda": 5691000000.0,
            "net_income": 4567000000.0
        },
        {
            "fiscal_date_ending": "2021-12-31",
            "reported_currency": "USD",
            "gross_profit": 4794000000.0,
            "total_revenue": 13521000000.0,
            "cost_of_revenue": 8727000000.0,
            "cost_of_goods_and_services_sold": 3874000000.0,
            "operating_income": -3180000000.0,
            "selling_general_and_administrative": 2830000000.0,
            "research_and_development": 3068000000.0,
            "operating_expenses": 7974000000.0,
            "investment_income_net": 9000000.0,
            "net_interest_income": -209000000.0,
            "interest_income": 381000000.0,
            "interest_expense": 209000000.0,
            "non_interest_income": 1305000000.0,
            "other_non_operating_income": 334000000.0,
            "depreciation": 430000000.0,
            "depreciation_and_amortization": 835000000.0,
            "income_before_tax": 3843000000.0,
            "income_tax_expense": 85000000.0,
            "interest_and_debt_expense": 209000000.0,
            "net_income_from_continuing_operations": 3820000000.0,
            "comprehensive_income_net_of_tax": 3919000000.0,
            "ebit": 4052000000.0,
            "ebitda": 4817000000.0,
            "net_income": 3758000000.0
        },
        {
            "fiscal_date_ending": "2022-03-31",
            "reported_currency": "USD",
            "gross_profit": 8266000000.0,
            "total_revenue": 15901000000.0,
            "cost_of_revenue": 7635000000.0,
            "cost_of_goods_and_services_sold": 5380000000.0,
            "operating_income": 3314000000.0,
            "selling_general_and_administrative": 2323000000.0,
            "research_and_development": 2576000000.0,
            "operating_expenses": 4952000000.0,
            "investment_income_net": 7000000.0,
            "net_interest_income": -243000000.0,
            "interest_income": 7000000.0,
            "interest_expense": 243000000.0,
            "non_interest_income": -39000000.0,
            "other_non_operating_income": -708000000.0,
            "depreciation": 421000000.0,
            "depreciation_and_amortization": 1120000000.0,
            "income_before_tax": 4864000000.0,
            "income_tax_expense": 554000000.0,
            "interest_and_debt_expense": 243000000.0,
            "net_income_from_continuing_operations": 4310000000.0,
            "comprehensive_income_net_of_tax": 4370000000.0,
            "ebit": 5107000000.0,
            "ebitda": 7024000000.0,
            "net_income": 4310000000.0
        },
        {
            "fiscal_date_ending": "2022-06-30",
            "reported_currency": "USD",
            "gross_profit": 7750000000.0,
            "total_revenue": 14593000000.0,
            "cost_of_revenue": 6843000000.0,
            "cost_of_goods_and_services_sold": 4216000000.0,
            "operating_income": 2298000000.0,
            "selling_general_and_administrative": 2512000000.0,
            "research_and_development": 2798000000.0,
            "operating_expenses": 5452000000.0,
            "investment_income_net": 15000000.0,
            "net_interest_income": -240000000.0,
            "interest_income": 15000000.0,
            "interest_expense": 240000000.0,
            "non_interest_income": -86000000.0,
            "other_non_operating_income": -438000000.0,
            "depreciation": 474000000.0,
            "depreciation_and_amortization": 938000000.0,
            "income_before_tax": 4482000000.0,
            "income_tax_expense": 538000000.0,
            "interest_and_debt_expense": 240000000.0,
            "net_income_from_continuing_operations": 3944000000.0,
            "comprehensive_income_net_of_tax": 3986000000.0,
            "ebit": 4722000000.0,
            "ebitda": 6177000000.0,
            "net_income": 3944000000.0
        },
        {
            "fiscal_date_ending": "2022-09-30",
            "reported_currency": "USD",
            "gross_profit": 8471000000.0,
            "total_revenue": 14959000000.0,
            "cost_of_revenue": 6488000000.0,
            "cost_of_goods_and_services_sold": 3934000000.0,
            "operating_income": 1458000000.0,
            "selling_general_and_administrative": 2520000000.0,
            "research_and_development": 4399000000.0,
            "operating_expenses": 7013000000.0,
            "investment_income_net": 40000000.0,
            "net_interest_income": -244000000.0,
            "interest_income": 350000000.0,
            "interest_expense": 244000000.0,
            "non_interest_income": -96000000.0,
            "other_non_operating_income": -429000000.0,
            "depreciation": 499000000.0,
            "depreciation_and_amortization": 959000000.0,
            "income_before_tax": 3578000000.0,
            "income_tax_expense": 330000000.0,
            "interest_and_debt_expense": 244000000.0,
            "net_income_from_continuing_operations": 3248000000.0,
            "comprehensive_income_net_of_tax": 2832000000.0,
            "ebit": 3822000000.0,
            "ebitda": 5347000000.0,
            "net_income": 3248000000.0
        },
        {
            "fiscal_date_ending": "2022-12-31",
            "reported_currency": "USD",
            "gross_profit": 4345000000.0,
            "total_revenue": 13830000000.0,
            "cost_of_revenue": 9485000000.0,
            "cost_of_goods_and_services_sold": 3881000000.0,
            "operating_income": -5105000000.0,
            "selling_general_and_administrative": 2687000000.0,
            "research_and_development": 3775000000.0,
            "operating_expenses": 9450000000.0,
            "investment_income_net": 95000000.0,
            "net_interest_income": -235000000.0,
            "interest_income": 80000000.0,
            "interest_expense": 235000000.0,
            "non_interest_income": -1017000000.0,
            "other_non_operating_income": 75000000.0,
            "depreciation": 430000000.0,
            "depreciation_and_amortization": 892000000.0,
            "income_before_tax": 3512000000.0,
            "income_tax_expense": 495000000.0,
            "interest_and_debt_expense": 235000000.0,
            "net_income_from_continuing_operations": 3017000000.0,
            "comprehensive_income_net_of_tax": 2992000000.0,
            "ebit": 3747000000.0,
            "ebitda": 4764000000.0,
            "net_income": 3017000000.0
        },
        {
            "fiscal_date_ending": "2023-03-31",
            "reported_currency": "USD",
            "gross_profit": 8130000000.0,
            "total_revenue": 14487000000.0,
            "cost_of_revenue": 6357000000.0,
            "cost_of_goods_and_services_sold": 3926000000.0,
            "operating_income": 1308000000.0,
            "selling_general_and_administrative": 2479000000.0,
            "research_and_development": 4276000000.0,
            "operating_expenses": 6822000000.0,
            "investment_income_net": 112000000.0,
            "net_interest_income": -242000000.0,
            "interest_income": 429000000.0,
            "interest_expense": 242000000.0,
            "non_interest_income": -61000000.0,
            "other_non_operating_income": -89000000.0,
            "depreciation": 448000000.0,
            "depreciation_and_amortization": 991000000.0,
            "income_before_tax": 3646000000.0,
            "income_tax_expense": 825000000.0,
            "interest_and_debt_expense": 242000000.0,
            "net_income_from_continuing_operations": 2821000000.0,
            "comprehensive_income_net_of_tax": 2706000000.0,
            "ebit": 3888000000.0,
            "ebitda": 4561000000.0,
            "net_income": 2821000000.0
        },
        {
            "fiscal_date_ending": "2023-06-30",
            "reported_currency": "USD",
            "gross_profit": 8269000000.0,
            "total_revenue": 15035000000.0,
            "cost_of_revenue": 6766000000.0,
            "cost_of_goods_and_services_sold": 4024000000.0,
            "operating_income": -7905000000.0,
            "selling_general_and_administrative": 2702000000.0,
            "research_and_development": 13321000000.0,
            "operating_expenses": 16174000000.0,
            "investment_income_net": 109000000.0,
            "net_interest_income": -277000000.0,
            "interest_income": 194000000.0,
            "interest_expense": 277000000.0,
            "non_interest_income": -62000000.0,
            "other_non_operating_income": -172000000.0,
            "depreciation": 426000000.0,
            "depreciation_and_amortization": 903000000.0,
            "income_before_tax": -5338000000.0,
            "income_tax_expense": 637000000.0,
            "interest_and_debt_expense": 277000000.0,
            "net_income_from_continuing_operations": -5975000000.0,
            "comprehensive_income_net_of_tax": -5992000000.0,
            "ebit": -5061000000.0,
            "ebitda": -3767000000.0,
            "net_income": -5975000000.0
        },
        {
            "fiscal_date_ending": "2023-09-30",
            "reported_currency": "USD",
            "gross_profit": 9191000000.0,
            "total_revenue": 15962000000.0,
            "cost_of_revenue": 6771000000.0,
            "cost_of_goods_and_services_sold": 4264000000.0,
            "operating_income": 3239000000.0,
            "selling_general_and_administrative": 2519000000.0,
            "research_and_development": 3307000000.0,
            "operating_expenses": 5952000000.0,
            "investment_income_net": 73000000.0,
            "net_interest_income": -317000000.0,
            "interest_income": 17000000.0,
            "interest_expense": 317000000.0,
            "non_interest_income": -85000000.0,
            "other_non_operating_income": -126000000.0,
            "depreciation": 452000000.0,
            "depreciation_and_amortization": 1014000000.0,
            "income_before_tax": 5615000000.0,
            "income_tax_expense": 870000000.0,
            "interest_and_debt_expense": 317000000.0,
            "net_income_from_continuing_operations": 4750000000.0,
            "comprehensive_income_net_of_tax": 4729000000.0,
            "ebit": 5932000000.0,
            "ebitda": 7195000000.0,
            "net_income": 4745000000.0
        },
        {
            "fiscal_date_ending": "2023-12-31",
            "reported_currency": "USD",
            "gross_profit": 5014000000.0,
            "total_revenue": 14630000000.0,
            "cost_of_revenue": 9616000000.0,
            "cost_of_goods_and_services_sold": 3912000000.0,
            "operating_income": -10451000000.0,
            "selling_general_and_administrative": 2804000000.0,
            "research_and_development": 9627000000.0,
            "operating_expenses": 15465000000.0,
            "investment_income_net": 70000000.0,
            "net_interest_income": -310000000.0,
            "interest_income": 70000000.0,
            "interest_expense": 310000000.0,
            "non_interest_income": -162000000.0,
            "other_non_operating_income": -78000000.0,
            "depreciation": 474000000.0,
            "depreciation_and_amortization": 978000000.0,
            "income_before_tax": -2046000000.0,
            "income_tax_expense": -820000000.0,
            "interest_and_debt_expense": 310000000.0,
            "net_income_from_continuing_operations": -1238000000.0,
            "comprehensive_income_net_of_tax": -1471000000.0,
            "ebit": -1736000000.0,
            "ebitda": 679000000.0,
            "net_income": -1226000000.0
        },
        {
            "fiscal_date_ending": "2024-03-31",
            "reported_currency": "USD",
            "gross_profit": 9789000000.0,
            "total_revenue": 15775000000.0,
            "cost_of_revenue": 5986000000.0,
            "cost_of_goods_and_services_sold": 3540000000.0,
            "operating_income": 3191000000.0,
            "selling_general_and_administrative": 2483000000.0,
            "research_and_development": 3992000000.0,
            "operating_expenses": 6598000000.0,
            "investment_income_net": 73000000.0,
            "net_interest_income": -303000000.0,
            "interest_income": 73000000.0,
            "interest_expense": 303000000.0,
            "non_interest_income": -83000000.0,
            "other_non_operating_income": 33000000.0,
            "depreciation": 511000000.0,
            "depreciation_and_amortization": 984000000.0,
            "income_before_tax": 5665000000.0,
            "income_tax_expense": 903000000.0,
            "interest_and_debt_expense": 303000000.0,
            "net_income_from_continuing_operations": 4767000000.0,
            "comprehensive_income_net_of_tax": 4649000000.0,
            "ebit": 5968000000.0,
            "ebitda": 6744000000.0,
            "net_income": 4762000000.0
        },
        {
            "fiscal_date_ending": "2024-06-30",
            "reported_currency": "USD",
            "gross_profit": 9707000000.0,
            "total_revenue": 16112000000.0,
            "cost_of_revenue": 6405000000.0,
            "cost_of_goods_and_services_sold": 3745000000.0,
            "operating_income": 3388000000.0,
            "selling_general_and_administrative": 2739000000.0,
            "research_and_development": 3500000000.0,
            "operating_expenses": 6319000000.0,
            "investment_income_net": 69000000.0,
            "net_interest_income": -241000000.0,
            "interest_income": 69000000.0,
            "interest_expense": 310000000.0,
            "non_interest_income": -60000000.0,
            "other_non_operating_income": -42000000.0,
            "depreciation": 518000000.0,
            "depreciation_and_amortization": 1132000000.0,
            "income_before_tax": 6000000000.0,
            "income_tax_expense": 545000000.0,
            "interest_and_debt_expense": 310000000.0,
            "net_income_from_continuing_operations": 5461000000.0,
            "comprehensive_income_net_of_tax": 5368000000.0,
            "ebit": 3388000000.0,
            "ebitda": 7448000000.0,
            "net_income": 5455000000.0
        },
        {
            "fiscal_date_ending": "2024-09-30",
            "reported_currency": "USD",
            "gross_profit": 9947000000.0,
            "total_revenue": 16657000000.0,
            "cost_of_revenue": 6710000000.0,
            "cost_of_goods_and_services_sold": 4080000000.0,
            "operating_income": 1298000000.0,
            "selling_general_and_administrative": 2731000000.0,
            "research_and_development": 5862000000.0,
            "operating_expenses": 8649000000.0,
            "investment_income_net": 127000000.0,
            "net_interest_income": -203000000.0,
            "interest_income": 127000000.0,
            "interest_expense": 330000000.0,
            "non_interest_income": -33000000.0,
            "other_non_operating_income": 162000000.0,
            "depreciation": 553000000.0,
            "depreciation_and_amortization": 1186000000.0,
            "income_before_tax": 4086000000.0,
            "income_tax_expense": 929000000.0,
            "interest_and_debt_expense": 330000000.0,
            "net_income_from_continuing_operations": 3161000000.0,
            "comprehensive_income_net_of_tax": 3147000000.0,
            "ebit": 1298000000.0,
            "ebitda": 5606000000.0,
            "net_income": 3157000000.0
        },
        {
            "fiscal_date_ending": "2024-12-31",
            "reported_currency": "USD",
            "gross_profit": 6599000000.0,
            "total_revenue": 15624000000.0,
            "cost_of_revenue": 9025000000.0,
            "cost_of_goods_and_services_sold": 3828000000.0,
            "operating_income": -3339000000.0,
            "selling_general_and_administrative": 2864000000.0,
            "research_and_development": 4584000000.0,
            "operating_expenses": 9938000000.0,
            "investment_income_net": 146000000.0,
            "net_interest_income": -182000000.0,
            "interest_income": 146000000.0,
            "interest_expense": 943000000.0,
            "non_interest_income": -50000000.0,
            "other_non_operating_income": -127000000.0,
            "depreciation": 522000000.0,
            "depreciation_and_amortization": 872665623.0,
            "income_before_tax": 4169000000.0,
            "income_tax_expense": 426000000.0,
            "interest_and_debt_expense": 328000000.0,
            "net_income_from_continuing_operations": 3744000000.0,
            "comprehensive_income_net_of_tax": 4169000000.0,
            "ebit": -3339000000.0,
            "ebitda": 6928665623.0,
            "net_income": 3743000000.0
        }
    ],
    "total_quarters": 67,
    "date_range": {
        "start": "2008-06-30",
        "end": "2024-12-31"
    }
}