{
    "symbol": "BAX",
    "quarterly_reports": [
        {
            "fiscal_date_ending": "2008-06-30",
            "reported_currency": "USD",
            "gross_profit": 1627000000.0,
            "total_revenue": 3189000000.0,
            "cost_of_revenue": 1562000000.0,
            "cost_of_goods_and_services_sold": 1562000000.0,
            "operating_income": 702000000.0,
            "selling_general_and_administrative": 703000000.0,
            "research_and_development": 222000000.0,
            "operating_expenses": 925000000.0,
            "investment_income_net": null,
            "net_interest_income": null,
            "interest_income": null,
            "interest_expense": 39000000.0,
            "non_interest_income": null,
            "other_non_operating_income": -1000000.0,
            "depreciation": null,
            "depreciation_and_amortization": 160000000.0,
            "income_before_tax": 672000000.0,
            "income_tax_expense": 128000000.0,
            "interest_and_debt_expense": null,
            "net_income_from_continuing_operations": null,
            "comprehensive_income_net_of_tax": null,
            "ebit": 707000000.0,
            "ebitda": 867000000.0,
            "net_income": 544000000.0
        },
        {
            "fiscal_date_ending": "2008-09-30",
            "reported_currency": "USD",
            "gross_profit": 1521000000.0,
            "total_revenue": 3151000000.0,
            "cost_of_revenue": 1630000000.0,
            "cost_of_goods_and_services_sold": 1630000000.0,
            "operating_income": 610000000.0,
            "selling_general_and_administrative": 681000000.0,
            "research_and_development": 230000000.0,
            "operating_expenses": 911000000.0,
            "investment_income_net": null,
            "net_interest_income": null,
            "interest_income": null,
            "interest_expense": 37000000.0,
            "non_interest_income": null,
            "other_non_operating_income": -28000000.0,
            "depreciation": null,
            "depreciation_and_amortization": 165000000.0,
            "income_before_tax": 558000000.0,
            "income_tax_expense": 86000000.0,
            "interest_and_debt_expense": null,
            "net_income_from_continuing_operations": null,
            "comprehensive_income_net_of_tax": null,
            "ebit": 642000000.0,
            "ebitda": 807000000.0,
            "net_income": 472000000.0
        },
        {
            "fiscal_date_ending": "2008-12-31",
            "reported_currency": "USD",
            "gross_profit": 1602000000.0,
            "total_revenue": 3131000000.0,
            "cost_of_revenue": 1529000000.0,
            "cost_of_goods_and_services_sold": 1529000000.0,
            "operating_income": 702000000.0,
            "selling_general_and_administrative": 674000000.0,
            "research_and_development": 226000000.0,
            "operating_expenses": 900000000.0,
            "investment_income_net": null,
            "net_interest_income": null,
            "interest_income": null,
            "interest_expense": 35000000.0,
            "non_interest_income": null,
            "other_non_operating_income": -1000000.0,
            "depreciation": null,
            "depreciation_and_amortization": 150000000.0,
            "income_before_tax": 687000000.0,
            "income_tax_expense": 118000000.0,
            "interest_and_debt_expense": null,
            "net_income_from_continuing_operations": null,
            "comprehensive_income_net_of_tax": null,
            "ebit": 713000000.0,
            "ebitda": 863000000.0,
            "net_income": 569000000.0
        },
        {
            "fiscal_date_ending": "2009-03-31",
            "reported_currency": "USD",
            "gross_profit": 1488000000.0,
            "total_revenue": 2824000000.0,
            "cost_of_revenue": 1336000000.0,
            "cost_of_goods_and_services_sold": 1336000000.0,
            "operating_income": 665000000.0,
            "selling_general_and_administrative": 611000000.0,
            "research_and_development": 212000000.0,
            "operating_expenses": 823000000.0,
            "investment_income_net": null,
            "net_interest_income": null,
            "interest_income": null,
            "interest_expense": 31000000.0,
            "non_interest_income": null,
            "other_non_operating_income": -2000000.0,
            "depreciation": null,
            "depreciation_and_amortization": 148000000.0,
            "income_before_tax": 635000000.0,
            "income_tax_expense": 119000000.0,
            "interest_and_debt_expense": null,
            "net_income_from_continuing_operations": null,
            "comprehensive_income_net_of_tax": null,
            "ebit": 515000000.0,
            "ebitda": 663000000.0,
            "net_income": 516000000.0
        },
        {
            "fiscal_date_ending": "2009-06-30",
            "reported_currency": "USD",
            "gross_profit": 1638000000.0,
            "total_revenue": 3123000000.0,
            "cost_of_revenue": 2145000000.0,
            "cost_of_goods_and_services_sold": 1485000000.0,
            "operating_income": 747000000.0,
            "selling_general_and_administrative": 660000000.0,
            "research_and_development": 231000000.0,
            "operating_expenses": 891000000.0,
            "investment_income_net": 5000000.0,
            "net_interest_income": -29000000.0,
            "interest_income": null,
            "interest_expense": 29000000.0,
            "non_interest_income": null,
            "other_non_operating_income": 1000000.0,
            "depreciation": null,
            "depreciation_and_amortization": 154000000.0,
            "income_before_tax": 722000000.0,
            "income_tax_expense": 135000000.0,
            "interest_and_debt_expense": 29000000.0,
            "net_income_from_continuing_operations": 589000000.0,
            "comprehensive_income_net_of_tax": 812000000.0,
            "ebit": 751000000.0,
            "ebitda": 748000000.0,
            "net_income": 587000000.0
        },
        {
            "fiscal_date_ending": "2009-09-30",
            "reported_currency": "USD",
            "gross_profit": 1632000000.0,
            "total_revenue": 3145000000.0,
            "cost_of_revenue": 2185000000.0,
            "cost_of_goods_and_services_sold": 1513000000.0,
            "operating_income": 732000000.0,
            "selling_general_and_administrative": 672000000.0,
            "research_and_development": 228000000.0,
            "operating_expenses": 900000000.0,
            "investment_income_net": 4000000.0,
            "net_interest_income": -27000000.0,
            "interest_income": null,
            "interest_expense": 27000000.0,
            "non_interest_income": null,
            "other_non_operating_income": -51000000.0,
            "depreciation": null,
            "depreciation_and_amortization": 164000000.0,
            "income_before_tax": 656000000.0,
            "income_tax_expense": 126000000.0,
            "interest_and_debt_expense": 27000000.0,
            "net_income_from_continuing_operations": 532000000.0,
            "comprehensive_income_net_of_tax": 673000000.0,
            "ebit": 683000000.0,
            "ebitda": 732000000.0,
            "net_income": 530000000.0
        },
        {
            "fiscal_date_ending": "2009-12-31",
            "reported_currency": "USD",
            "gross_profit": 1767000000.0,
            "total_revenue": 3470000000.0,
            "cost_of_revenue": 2437000000.0,
            "cost_of_goods_and_services_sold": 1703000000.0,
            "operating_income": 1767000000.0,
            "selling_general_and_administrative": 788000000.0,
            "research_and_development": 246000000.0,
            "operating_expenses": 980000000.0,
            "investment_income_net": 5000000.0,
            "net_interest_income": -30000000.0,
            "interest_income": null,
            "interest_expense": 30000000.0,
            "non_interest_income": null,
            "other_non_operating_income": 7000000.0,
            "depreciation": null,
            "depreciation_and_amortization": 172000000.0,
            "income_before_tax": 711000000.0,
            "income_tax_expense": 139000000.0,
            "interest_and_debt_expense": 30000000.0,
            "net_income_from_continuing_operations": 1767000000.0,
            "comprehensive_income_net_of_tax": 572000000.0,
            "ebit": 741000000.0,
            "ebitda": 912000000.0,
            "net_income": 572000000.0
        },
        {
            "fiscal_date_ending": "2010-03-31",
            "reported_currency": "USD",
            "gross_profit": 1043000000.0,
            "total_revenue": 2927000000.0,
            "cost_of_revenue": 2567000000.0,
            "cost_of_goods_and_services_sold": 1884000000.0,
            "operating_income": 133000000.0,
            "selling_general_and_administrative": 683000000.0,
            "research_and_development": 227000000.0,
            "operating_expenses": 910000000.0,
            "investment_income_net": 9000000.0,
            "net_interest_income": -28000000.0,
            "interest_income": null,
            "interest_expense": 28000000.0,
            "non_interest_income": null,
            "other_non_operating_income": -2000000.0,
            "depreciation": null,
            "depreciation_and_amortization": 166000000.0,
            "income_before_tax": 109000000.0,
            "income_tax_expense": 172000000.0,
            "interest_and_debt_expense": 28000000.0,
            "net_income_from_continuing_operations": -60000000.0,
            "comprehensive_income_net_of_tax": -319000000.0,
            "ebit": 137000000.0,
            "ebitda": 721000000.0,
            "net_income": -63000000.0
        },
        {
            "fiscal_date_ending": "2010-06-30",
            "reported_currency": "USD",
            "gross_profit": 1638000000.0,
            "total_revenue": 3164000000.0,
            "cost_of_revenue": 2277000000.0,
            "cost_of_goods_and_services_sold": 1556000000.0,
            "operating_income": 698000000.0,
            "selling_general_and_administrative": 721000000.0,
            "research_and_development": 219000000.0,
            "operating_expenses": 970000000.0,
            "investment_income_net": 5000000.0,
            "net_interest_income": -30000000.0,
            "interest_income": null,
            "interest_expense": 30000000.0,
            "non_interest_income": null,
            "other_non_operating_income": -3000000.0,
            "depreciation": null,
            "depreciation_and_amortization": 169000000.0,
            "income_before_tax": 668000000.0,
            "income_tax_expense": 133000000.0,
            "interest_and_debt_expense": 30000000.0,
            "net_income_from_continuing_operations": 537000000.0,
            "comprehensive_income_net_of_tax": 220000000.0,
            "ebit": 698000000.0,
            "ebitda": 698000000.0,
            "net_income": 535000000.0
        },
        {
            "fiscal_date_ending": "2010-09-30",
            "reported_currency": "USD",
            "gross_profit": 1659000000.0,
            "total_revenue": 3194000000.0,
            "cost_of_revenue": 2347000000.0,
            "cost_of_goods_and_services_sold": 1565000000.0,
            "operating_income": 670000000.0,
            "selling_general_and_administrative": 670000000.0,
            "research_and_development": 207000000.0,
            "operating_expenses": 1019000000.0,
            "investment_income_net": 6000000.0,
            "net_interest_income": -30000000.0,
            "interest_income": null,
            "interest_expense": 30000000.0,
            "non_interest_income": null,
            "other_non_operating_income": -117000000.0,
            "depreciation": null,
            "depreciation_and_amortization": 171000000.0,
            "income_before_tax": 642000000.0,
            "income_tax_expense": 117000000.0,
            "interest_and_debt_expense": 30000000.0,
            "net_income_from_continuing_operations": 524000000.0,
            "comprehensive_income_net_of_tax": 902000000.0,
            "ebit": 672000000.0,
            "ebitda": 777000000.0,
            "net_income": 525000000.0
        },
        {
            "fiscal_date_ending": "2010-12-31",
            "reported_currency": "USD",
            "gross_profit": 1618000000.0,
            "total_revenue": 3498000000.0,
            "cost_of_revenue": 2825000000.0,
            "cost_of_goods_and_services_sold": 1880000000.0,
            "operating_income": 1584000000.0,
            "selling_general_and_administrative": 833000000.0,
            "research_and_development": 262000000.0,
            "operating_expenses": 34000000.0,
            "investment_income_net": 8000000.0,
            "net_interest_income": -27000000.0,
            "interest_income": null,
            "interest_expense": 27000000.0,
            "non_interest_income": null,
            "other_non_operating_income": -37000000.0,
            "depreciation": null,
            "depreciation_and_amortization": 179000000.0,
            "income_before_tax": 464000000.0,
            "income_tax_expense": 41000000.0,
            "interest_and_debt_expense": 27000000.0,
            "net_income_from_continuing_operations": 1584000000.0,
            "comprehensive_income_net_of_tax": 216000000.0,
            "ebit": 491000000.0,
            "ebitda": 710000000.0,
            "net_income": 423000000.0
        },
        {
            "fiscal_date_ending": "2011-03-31",
            "reported_currency": "USD",
            "gross_profit": 1675000000.0,
            "total_revenue": 3262000000.0,
            "cost_of_revenue": 2325000000.0,
            "cost_of_goods_and_services_sold": 1609000000.0,
            "operating_income": 745000000.0,
            "selling_general_and_administrative": 716000000.0,
            "research_and_development": 214000000.0,
            "operating_expenses": 952000000.0,
            "investment_income_net": 12000000.0,
            "net_interest_income": -22000000.0,
            "interest_income": null,
            "interest_expense": 22000000.0,
            "non_interest_income": null,
            "other_non_operating_income": -4000000.0,
            "depreciation": null,
            "depreciation_and_amortization": 158000000.0,
            "income_before_tax": 724000000.0,
            "income_tax_expense": 154000000.0,
            "interest_and_debt_expense": 22000000.0,
            "net_income_from_continuing_operations": 577000000.0,
            "comprehensive_income_net_of_tax": 834000000.0,
            "ebit": 746000000.0,
            "ebitda": 745000000.0,
            "net_income": 570000000.0
        },
        {
            "fiscal_date_ending": "2011-06-30",
            "reported_currency": "USD",
            "gross_profit": 1835000000.0,
            "total_revenue": 3514000000.0,
            "cost_of_revenue": 2466000000.0,
            "cost_of_goods_and_services_sold": 1701000000.0,
            "operating_income": 831000000.0,
            "selling_general_and_administrative": 765000000.0,
            "research_and_development": 239000000.0,
            "operating_expenses": 1026000000.0,
            "investment_income_net": 7000000.0,
            "net_interest_income": -22000000.0,
            "interest_income": null,
            "interest_expense": 22000000.0,
            "non_interest_income": null,
            "other_non_operating_income": -13000000.0,
            "depreciation": null,
            "depreciation_and_amortization": 169000000.0,
            "income_before_tax": 789000000.0,
            "income_tax_expense": 174000000.0,
            "interest_and_debt_expense": 22000000.0,
            "net_income_from_continuing_operations": 845000000.0,
            "comprehensive_income_net_of_tax": 718000000.0,
            "ebit": 811000000.0,
            "ebitda": 831000000.0,
            "net_income": 615000000.0
        },
        {
            "fiscal_date_ending": "2011-09-30",
            "reported_currency": "USD",
            "gross_profit": 1771000000.0,
            "total_revenue": 3456000000.0,
            "cost_of_revenue": 2495000000.0,
            "cost_of_goods_and_services_sold": 1708000000.0,
            "operating_income": 745000000.0,
            "selling_general_and_administrative": 787000000.0,
            "research_and_development": 239000000.0,
            "operating_expenses": 1049000000.0,
            "investment_income_net": 9000000.0,
            "net_interest_income": -23000000.0,
            "interest_income": null,
            "interest_expense": 23000000.0,
            "non_interest_income": null,
            "other_non_operating_income": -4000000.0,
            "depreciation": null,
            "depreciation_and_amortization": 21000000.0,
            "income_before_tax": 725000000.0,
            "income_tax_expense": 149000000.0,
            "interest_and_debt_expense": 23000000.0,
            "net_income_from_continuing_operations": 838000000.0,
            "comprehensive_income_net_of_tax": 299000000.0,
            "ebit": 748000000.0,
            "ebitda": 769000000.0,
            "net_income": 576000000.0
        },
        {
            "fiscal_date_ending": "2011-12-31",
            "reported_currency": "USD",
            "gross_profit": 1765000000.0,
            "total_revenue": 3594000000.0,
            "cost_of_revenue": 41000000.0,
            "cost_of_goods_and_services_sold": 1829000000.0,
            "operating_income": 1724000000.0,
            "selling_general_and_administrative": 886000000.0,
            "research_and_development": 254000000.0,
            "operating_expenses": 41000000.0,
            "investment_income_net": 10000000.0,
            "net_interest_income": -25000000.0,
            "interest_income": null,
            "interest_expense": 25000000.0,
            "non_interest_income": null,
            "other_non_operating_income": -62000000.0,
            "depreciation": null,
            "depreciation_and_amortization": 514000000.0,
            "income_before_tax": 539000000.0,
            "income_tax_expense": 76000000.0,
            "interest_and_debt_expense": 25000000.0,
            "net_income_from_continuing_operations": 1724000000.0,
            "comprehensive_income_net_of_tax": -79000000.0,
            "ebit": 564000000.0,
            "ebitda": 1078000000.0,
            "net_income": 463000000.0
        },
        {
            "fiscal_date_ending": "2012-03-31",
            "reported_currency": "USD",
            "gross_profit": 1714000000.0,
            "total_revenue": 3361000000.0,
            "cost_of_revenue": 2426000000.0,
            "cost_of_goods_and_services_sold": 1674000000.0,
            "operating_income": 693000000.0,
            "selling_general_and_administrative": 752000000.0,
            "research_and_development": 269000000.0,
            "operating_expenses": 1048000000.0,
            "investment_income_net": 9000000.0,
            "net_interest_income": -27000000.0,
            "interest_income": null,
            "interest_expense": 27000000.0,
            "non_interest_income": null,
            "other_non_operating_income": 57000000.0,
            "depreciation": null,
            "depreciation_and_amortization": 24000000.0,
            "income_before_tax": 732000000.0,
            "income_tax_expense": 144000000.0,
            "interest_and_debt_expense": 27000000.0,
            "net_income_from_continuing_operations": 764000000.0,
            "comprehensive_income_net_of_tax": 730000000.0,
            "ebit": 759000000.0,
            "ebitda": 783000000.0,
            "net_income": 588000000.0
        },
        {
            "fiscal_date_ending": "2012-06-30",
            "reported_currency": "USD",
            "gross_profit": 1872000000.0,
            "total_revenue": 3545000000.0,
            "cost_of_revenue": 2489000000.0,
            "cost_of_goods_and_services_sold": 1700000000.0,
            "operating_income": 777000000.0,
            "selling_general_and_administrative": 789000000.0,
            "research_and_development": 306000000.0,
            "operating_expenses": 1122000000.0,
            "investment_income_net": 5000000.0,
            "net_interest_income": -27000000.0,
            "interest_income": null,
            "interest_expense": 27000000.0,
            "non_interest_income": null,
            "other_non_operating_income": 62000000.0,
            "depreciation": null,
            "depreciation_and_amortization": 26000000.0,
            "income_before_tax": 817000000.0,
            "income_tax_expense": 156000000.0,
            "interest_and_debt_expense": 27000000.0,
            "net_income_from_continuing_operations": 830000000.0,
            "comprehensive_income_net_of_tax": 373000000.0,
            "ebit": 844000000.0,
            "ebitda": 870000000.0,
            "net_income": 661000000.0
        },
        {
            "fiscal_date_ending": "2012-09-30",
            "reported_currency": "USD",
            "gross_profit": 1810000000.0,
            "total_revenue": 3446000000.0,
            "cost_of_revenue": 2436000000.0,
            "cost_of_goods_and_services_sold": 1667000000.0,
            "operating_income": 751000000.0,
            "selling_general_and_administrative": 743000000.0,
            "research_and_development": 290000000.0,
            "operating_expenses": 1090000000.0,
            "investment_income_net": 6000000.0,
            "net_interest_income": -31000000.0,
            "interest_income": null,
            "interest_expense": 31000000.0,
            "non_interest_income": null,
            "other_non_operating_income": 14000000.0,
            "depreciation": null,
            "depreciation_and_amortization": 26000000.0,
            "income_before_tax": 766000000.0,
            "income_tax_expense": 183000000.0,
            "interest_and_debt_expense": 31000000.0,
            "net_income_from_continuing_operations": 742000000.0,
            "comprehensive_income_net_of_tax": 771000000.0,
            "ebit": 797000000.0,
            "ebitda": 823000000.0,
            "net_income": 583000000.0
        },
        {
            "fiscal_date_ending": "2012-12-31",
            "reported_currency": "USD",
            "gross_profit": 1905000000.0,
            "total_revenue": 3753000000.0,
            "cost_of_revenue": 150000000.0,
            "cost_of_goods_and_services_sold": 1761000000.0,
            "operating_income": 1905000000.0,
            "selling_general_and_administrative": 999000000.0,
            "research_and_development": 216000000.0,
            "operating_expenses": 150000000.0,
            "investment_income_net": 6000000.0,
            "net_interest_income": -28000000.0,
            "interest_income": null,
            "interest_expense": 28000000.0,
            "non_interest_income": null,
            "other_non_operating_income": 22000000.0,
            "depreciation": null,
            "depreciation_and_amortization": 628000000.0,
            "income_before_tax": 566000000.0,
            "income_tax_expense": 72000000.0,
            "interest_and_debt_expense": 28000000.0,
            "net_income_from_continuing_operations": -53000000.0,
            "comprehensive_income_net_of_tax": 233000000.0,
            "ebit": 594000000.0,
            "ebitda": 1222000000.0,
            "net_income": 494000000.0
        },
        {
            "fiscal_date_ending": "2013-03-31",
            "reported_currency": "USD",
            "gross_profit": 1696000000.0,
            "total_revenue": 3417000000.0,
            "cost_of_revenue": 2512000000.0,
            "cost_of_goods_and_services_sold": 1692000000.0,
            "operating_income": 690000000.0,
            "selling_general_and_administrative": 795000000.0,
            "research_and_development": 246000000.0,
            "operating_expenses": 1097000000.0,
            "investment_income_net": 6000000.0,
            "net_interest_income": -31000000.0,
            "interest_income": null,
            "interest_expense": 31000000.0,
            "non_interest_income": null,
            "other_non_operating_income": 3000000.0,
            "depreciation": null,
            "depreciation_and_amortization": 25000000.0,
            "income_before_tax": 693000000.0,
            "income_tax_expense": 141000000.0,
            "interest_and_debt_expense": 31000000.0,
            "net_income_from_continuing_operations": 523000000.0,
            "comprehensive_income_net_of_tax": 605000000.0,
            "ebit": 724000000.0,
            "ebitda": 749000000.0,
            "net_income": 552000000.0
        },
        {
            "fiscal_date_ending": "2013-06-30",
            "reported_currency": "USD",
            "gross_profit": 1874000000.0,
            "total_revenue": 3645000000.0,
            "cost_of_revenue": 2593000000.0,
            "cost_of_goods_and_services_sold": 1730000000.0,
            "operating_income": 803000000.0,
            "selling_general_and_administrative": 838000000.0,
            "research_and_development": 273000000.0,
            "operating_expenses": 1160000000.0,
            "investment_income_net": 7000000.0,
            "net_interest_income": -24000000.0,
            "interest_income": null,
            "interest_expense": 24000000.0,
            "non_interest_income": null,
            "other_non_operating_income": -68000000.0,
            "depreciation": null,
            "depreciation_and_amortization": 25000000.0,
            "income_before_tax": 743000000.0,
            "income_tax_expense": 153000000.0,
            "interest_and_debt_expense": 24000000.0,
            "net_income_from_continuing_operations": 552000000.0,
            "comprehensive_income_net_of_tax": 582000000.0,
            "ebit": 767000000.0,
            "ebitda": 792000000.0,
            "net_income": 590000000.0
        },
        {
            "fiscal_date_ending": "2013-09-30",
            "reported_currency": "USD",
            "gross_profit": 1906000000.0,
            "total_revenue": 3723000000.0,
            "cost_of_revenue": 2860000000.0,
            "cost_of_goods_and_services_sold": 1804000000.0,
            "operating_income": 624000000.0,
            "selling_general_and_administrative": 975000000.0,
            "research_and_development": 277000000.0,
            "operating_expenses": 1373000000.0,
            "investment_income_net": 6000000.0,
            "net_interest_income": -51000000.0,
            "interest_income": null,
            "interest_expense": 51000000.0,
            "non_interest_income": null,
            "other_non_operating_income": 55000000.0,
            "depreciation": null,
            "depreciation_and_amortization": 34000000.0,
            "income_before_tax": 680000000.0,
            "income_tax_expense": 136000000.0,
            "interest_and_debt_expense": 51000000.0,
            "net_income_from_continuing_operations": 528000000.0,
            "comprehensive_income_net_of_tax": 709000000.0,
            "ebit": 731000000.0,
            "ebitda": 765000000.0,
            "net_income": 544000000.0
        },
        {
            "fiscal_date_ending": "2013-12-31",
            "reported_currency": "USD",
            "gross_profit": 1996000000.0,
            "total_revenue": 4368000000.0,
            "cost_of_revenue": 331000000.0,
            "cost_of_goods_and_services_sold": 82000000.0,
            "operating_income": -1635000000.0,
            "selling_general_and_administrative": 496000000.0,
            "research_and_development": -187000000.0,
            "operating_expenses": 331000000.0,
            "investment_income_net": 8000000.0,
            "net_interest_income": -22000000.0,
            "interest_income": 27000000.0,
            "interest_expense": 49000000.0,
            "non_interest_income": null,
            "other_non_operating_income": 17000000.0,
            "depreciation": null,
            "depreciation_and_amortization": 551000000.0,
            "income_before_tax": -33000000.0,
            "income_tax_expense": -359000000.0,
            "interest_and_debt_expense": 49000000.0,
            "net_income_from_continuing_operations": 409000000.0,
            "comprehensive_income_net_of_tax": 950000000.0,
            "ebit": 16000000.0,
            "ebitda": 567000000.0,
            "net_income": 326000000.0
        },
        {
            "fiscal_date_ending": "2014-03-31",
            "reported_currency": "USD",
            "gross_profit": 1088000000.0,
            "total_revenue": 3903000000.0,
            "cost_of_revenue": 2953000000.0,
            "cost_of_goods_and_services_sold": 1957000000.0,
            "operating_income": 685000000.0,
            "selling_general_and_administrative": 910000000.0,
            "research_and_development": 309000000.0,
            "operating_expenses": 1324000000.0,
            "investment_income_net": 5000000.0,
            "net_interest_income": -43000000.0,
            "interest_income": 5000000.0,
            "interest_expense": 48000000.0,
            "non_interest_income": 44000000.0,
            "other_non_operating_income": 24000000.0,
            "depreciation": null,
            "depreciation_and_amortization": 43000000.0,
            "income_before_tax": 702000000.0,
            "income_tax_expense": 146000000.0,
            "interest_and_debt_expense": 48000000.0,
            "net_income_from_continuing_operations": 94000000.0,
            "comprehensive_income_net_of_tax": 1142000000.0,
            "ebit": 750000000.0,
            "ebitda": 793000000.0,
            "net_income": 556000000.0
        },
        {
            "fiscal_date_ending": "2014-06-30",
            "reported_currency": "USD",
            "gross_profit": 1093000000.0,
            "total_revenue": 4217000000.0,
            "cost_of_revenue": 3268000000.0,
            "cost_of_goods_and_services_sold": 2185000000.0,
            "operating_income": 671000000.0,
            "selling_general_and_administrative": 988000000.0,
            "research_and_development": 322000000.0,
            "operating_expenses": 1417000000.0,
            "investment_income_net": 5000000.0,
            "net_interest_income": -42000000.0,
            "interest_income": 5000000.0,
            "interest_expense": 47000000.0,
            "non_interest_income": 0.0,
            "other_non_operating_income": -15000000.0,
            "depreciation": null,
            "depreciation_and_amortization": 47000000.0,
            "income_before_tax": 654000000.0,
            "income_tax_expense": 134000000.0,
            "interest_and_debt_expense": 47000000.0,
            "net_income_from_continuing_operations": 61000000.0,
            "comprehensive_income_net_of_tax": 841000000.0,
            "ebit": 701000000.0,
            "ebitda": 748000000.0,
            "net_income": 520000000.0
        },
        {
            "fiscal_date_ending": "2014-09-30",
            "reported_currency": "USD",
            "gross_profit": 1193000000.0,
            "total_revenue": 4161000000.0,
            "cost_of_revenue": 3209000000.0,
            "cost_of_goods_and_services_sold": 1516000000.0,
            "operating_income": 217000000.0,
            "selling_general_and_administrative": 827000000.0,
            "research_and_development": 149000000.0,
            "operating_expenses": 1576000000.0,
            "investment_income_net": 5000000.0,
            "net_interest_income": -31000000.0,
            "interest_income": 5000000.0,
            "interest_expense": 36000000.0,
            "non_interest_income": 9000000.0,
            "other_non_operating_income": 16000000.0,
            "depreciation": null,
            "depreciation_and_amortization": 207000000.0,
            "income_before_tax": 495000000.0,
            "income_tax_expense": 27000000.0,
            "interest_and_debt_expense": 36000000.0,
            "net_income_from_continuing_operations": 175000000.0,
            "comprehensive_income_net_of_tax": 427000000.0,
            "ebit": 531000000.0,
            "ebitda": 738000000.0,
            "net_income": 468000000.0
        },
        {
            "fiscal_date_ending": "2014-12-31",
            "reported_currency": "USD",
            "gross_profit": 1207000000.0,
            "total_revenue": 4472000000.0,
            "cost_of_revenue": 4225000000.0,
            "cost_of_goods_and_services_sold": 1582000000.0,
            "operating_income": 191000000.0,
            "selling_general_and_administrative": 860000000.0,
            "research_and_development": 156000000.0,
            "operating_expenses": 2189000000.0,
            "investment_income_net": 7000000.0,
            "net_interest_income": -29000000.0,
            "interest_income": 7000000.0,
            "interest_expense": 36000000.0,
            "non_interest_income": 4000000.0,
            "other_non_operating_income": -53000000.0,
            "depreciation": null,
            "depreciation_and_amortization": 200000000.0,
            "income_before_tax": 935000000.0,
            "income_tax_expense": -18000000.0,
            "interest_and_debt_expense": 36000000.0,
            "net_income_from_continuing_operations": 127000000.0,
            "comprehensive_income_net_of_tax": 2653000000.0,
            "ebit": 971000000.0,
            "ebitda": 1171000000.0,
            "net_income": 953000000.0
        },
        {
            "fiscal_date_ending": "2015-03-31",
            "reported_currency": "USD",
            "gross_profit": 1019000000.0,
            "total_revenue": 3729000000.0,
            "cost_of_revenue": 3042000000.0,
            "cost_of_goods_and_services_sold": 1384000000.0,
            "operating_income": 92000000.0,
            "selling_general_and_administrative": 784000000.0,
            "research_and_development": 143000000.0,
            "operating_expenses": 1379000000.0,
            "investment_income_net": 5000000.0,
            "net_interest_income": -30000000.0,
            "interest_income": 5000000.0,
            "interest_expense": 35000000.0,
            "non_interest_income": 108000000.0,
            "other_non_operating_income": 86000000.0,
            "depreciation": null,
            "depreciation_and_amortization": 187000000.0,
            "income_before_tax": 444000000.0,
            "income_tax_expense": 14000000.0,
            "interest_and_debt_expense": 35000000.0,
            "net_income_from_continuing_operations": 134000000.0,
            "comprehensive_income_net_of_tax": -629000000.0,
            "ebit": 479000000.0,
            "ebitda": 666000000.0,
            "net_income": 430000000.0
        },
        {
            "fiscal_date_ending": "2015-06-30",
            "reported_currency": "USD",
            "gross_profit": 1021000000.0,
            "total_revenue": 3859000000.0,
            "cost_of_revenue": 3132000000.0,
            "cost_of_goods_and_services_sold": 1454000000.0,
            "operating_income": 87000000.0,
            "selling_general_and_administrative": 783000000.0,
            "research_and_development": 151000000.0,
            "operating_expenses": 1547000000.0,
            "investment_income_net": 6000000.0,
            "net_interest_income": -30000000.0,
            "interest_income": 6000000.0,
            "interest_expense": 36000000.0,
            "non_interest_income": 8000000.0,
            "other_non_operating_income": 51000000.0,
            "depreciation": null,
            "depreciation_and_amortization": 190000000.0,
            "income_before_tax": 366000000.0,
            "income_tax_expense": 34000000.0,
            "interest_and_debt_expense": 40000000.0,
            "net_income_from_continuing_operations": 74000000.0,
            "comprehensive_income_net_of_tax": 895000000.0,
            "ebit": 402000000.0,
            "ebitda": 592000000.0,
            "net_income": 332000000.0
        },
        {
            "fiscal_date_ending": "2015-09-30",
            "reported_currency": "USD",
            "gross_profit": 1034000000.0,
            "total_revenue": 2497000000.0,
            "cost_of_revenue": 2555000000.0,
            "cost_of_goods_and_services_sold": 1453000000.0,
            "operating_income": 92000000.0,
            "selling_general_and_administrative": 794000000.0,
            "research_and_development": 148000000.0,
            "operating_expenses": 1250000000.0,
            "investment_income_net": 4000000.0,
            "net_interest_income": -34000000.0,
            "interest_income": 4000000.0,
            "interest_expense": 38000000.0,
            "non_interest_income": 44000000.0,
            "other_non_operating_income": -91000000.0,
            "depreciation": null,
            "depreciation_and_amortization": 216000000.0,
            "income_before_tax": -34000000.0,
            "income_tax_expense": -35000000.0,
            "interest_and_debt_expense": 38000000.0,
            "net_income_from_continuing_operations": 2000000.0,
            "comprehensive_income_net_of_tax": 3177000000.0,
            "ebit": 4000000.0,
            "ebitda": 220000000.0,
            "net_income": 1000000.0
        },
        {
            "fiscal_date_ending": "2015-12-31",
            "reported_currency": "USD",
            "gross_profit": 1072000000.0,
            "total_revenue": 2603000000.0,
            "cost_of_revenue": 2458000000.0,
            "cost_of_goods_and_services_sold": 1531000000.0,
            "operating_income": 178000000.0,
            "selling_general_and_administrative": 733000000.0,
            "research_and_development": 161000000.0,
            "operating_expenses": 998000000.0,
            "investment_income_net": 5000000.0,
            "net_interest_income": -32000000.0,
            "interest_income": 5000000.0,
            "interest_expense": 37000000.0,
            "non_interest_income": -51000000.0,
            "other_non_operating_income": 59000000.0,
            "depreciation": null,
            "depreciation_and_amortization": 166000000.0,
            "income_before_tax": 227000000.0,
            "income_tax_expense": 22000000.0,
            "interest_and_debt_expense": 167000000.0,
            "net_income_from_continuing_operations": 183000000.0,
            "comprehensive_income_net_of_tax": 1094000000.0,
            "ebit": 264000000.0,
            "ebitda": 430000000.0,
            "net_income": 205000000.0
        },
        {
            "fiscal_date_ending": "2016-03-31",
            "reported_currency": "USD",
            "gross_profit": 965000000.0,
            "total_revenue": 2268000000.0,
            "cost_of_revenue": 2244000000.0,
            "cost_of_goods_and_services_sold": 1410000000.0,
            "operating_income": 188000000.0,
            "selling_general_and_administrative": 641000000.0,
            "research_and_development": 136000000.0,
            "operating_expenses": 970000000.0,
            "investment_income_net": 5000000.0,
            "net_interest_income": -28000000.0,
            "interest_income": 5000000.0,
            "interest_expense": 33000000.0,
            "non_interest_income": -79000000.0,
            "other_non_operating_income": 3169000000.0,
            "depreciation": null,
            "depreciation_and_amortization": 189000000.0,
            "income_before_tax": 3322000000.0,
            "income_tax_expense": -58000000.0,
            "interest_and_debt_expense": 134000000.0,
            "net_income_from_continuing_operations": 3387000000.0,
            "comprehensive_income_net_of_tax": 121000000.0,
            "ebit": 3355000000.0,
            "ebitda": 3544000000.0,
            "net_income": 3380000000.0
        },
        {
            "fiscal_date_ending": "2016-06-30",
            "reported_currency": "USD",
            "gross_profit": 972000000.0,
            "total_revenue": 2576000000.0,
            "cost_of_revenue": 2689000000.0,
            "cost_of_goods_and_services_sold": 1613000000.0,
            "operating_income": 68000000.0,
            "selling_general_and_administrative": 709000000.0,
            "research_and_development": 195000000.0,
            "operating_expenses": 1271000000.0,
            "investment_income_net": 5000000.0,
            "net_interest_income": -11000000.0,
            "interest_income": 5000000.0,
            "interest_expense": 16000000.0,
            "non_interest_income": 2000000.0,
            "other_non_operating_income": 1161000000.0,
            "depreciation": null,
            "depreciation_and_amortization": 206000000.0,
            "income_before_tax": 1218000000.0,
            "income_tax_expense": 6000000.0,
            "interest_and_debt_expense": 16000000.0,
            "net_income_from_continuing_operations": 1212000000.0,
            "comprehensive_income_net_of_tax": 43000000.0,
            "ebit": 1234000000.0,
            "ebitda": 1440000000.0,
            "net_income": 1212000000.0
        },
        {
            "fiscal_date_ending": "2016-09-30",
            "reported_currency": "USD",
            "gross_profit": 1071000000.0,
            "total_revenue": 2495000000.0,
            "cost_of_revenue": 2552000000.0,
            "cost_of_goods_and_services_sold": 1487000000.0,
            "operating_income": 186000000.0,
            "selling_general_and_administrative": 726000000.0,
            "research_and_development": 159000000.0,
            "operating_expenses": 1224000000.0,
            "investment_income_net": 6000000.0,
            "net_interest_income": -14000000.0,
            "interest_income": 6000000.0,
            "interest_expense": 20000000.0,
            "non_interest_income": -49000000.0,
            "other_non_operating_income": -44000000.0,
            "depreciation": null,
            "depreciation_and_amortization": 204000000.0,
            "income_before_tax": 131000000.0,
            "income_tax_expense": 1000000.0,
            "interest_and_debt_expense": 72000000.0,
            "net_income_from_continuing_operations": 127000000.0,
            "comprehensive_income_net_of_tax": 162000000.0,
            "ebit": 151000000.0,
            "ebitda": 355000000.0,
            "net_income": 130000000.0
        },
        {
            "fiscal_date_ending": "2016-12-31",
            "reported_currency": "USD",
            "gross_profit": 1102000000.0,
            "total_revenue": 2645000000.0,
            "cost_of_revenue": 2462000000.0,
            "cost_of_goods_and_services_sold": 1537000000.0,
            "operating_income": 303000000.0,
            "selling_general_and_administrative": 649000000.0,
            "research_and_development": 156000000.0,
            "operating_expenses": 1073000000.0,
            "investment_income_net": 7000000.0,
            "net_interest_income": -13000000.0,
            "interest_income": 7000000.0,
            "interest_expense": 20000000.0,
            "non_interest_income": 7000000.0,
            "other_non_operating_income": -11000000.0,
            "depreciation": null,
            "depreciation_and_amortization": 201000000.0,
            "income_before_tax": 282000000.0,
            "income_tax_expense": 39000000.0,
            "interest_and_debt_expense": 20000000.0,
            "net_income_from_continuing_operations": 240000000.0,
            "comprehensive_income_net_of_tax": 1105000000.0,
            "ebit": 302000000.0,
            "ebitda": 503000000.0,
            "net_income": 243000000.0
        },
        {
            "fiscal_date_ending": "2017-03-31",
            "reported_currency": "USD",
            "gross_profit": 1044000000.0,
            "total_revenue": 2469000000.0,
            "cost_of_revenue": 2200000000.0,
            "cost_of_goods_and_services_sold": 1431000000.0,
            "operating_income": 353000000.0,
            "selling_general_and_administrative": 564000000.0,
            "research_and_development": 127000000.0,
            "operating_expenses": 895000000.0,
            "investment_income_net": 6000000.0,
            "net_interest_income": -14000000.0,
            "interest_income": 6000000.0,
            "interest_expense": 20000000.0,
            "non_interest_income": 8000000.0,
            "other_non_operating_income": -11000000.0,
            "depreciation": null,
            "depreciation_and_amortization": 194000000.0,
            "income_before_tax": 327000000.0,
            "income_tax_expense": 55000000.0,
            "interest_and_debt_expense": 20000000.0,
            "net_income_from_continuing_operations": 273000000.0,
            "comprehensive_income_net_of_tax": 410000000.0,
            "ebit": 347000000.0,
            "ebitda": 541000000.0,
            "net_income": 272000000.0
        },
        {
            "fiscal_date_ending": "2017-06-30",
            "reported_currency": "USD",
            "gross_profit": 1132000000.0,
            "total_revenue": 2607000000.0,
            "cost_of_revenue": 2310000000.0,
            "cost_of_goods_and_services_sold": 1473000000.0,
            "operating_income": 347000000.0,
            "selling_general_and_administrative": 630000000.0,
            "research_and_development": 155000000.0,
            "operating_expenses": 991000000.0,
            "investment_income_net": 8000000.0,
            "net_interest_income": -13000000.0,
            "interest_income": 8000000.0,
            "interest_expense": 21000000.0,
            "non_interest_income": 15000000.0,
            "other_non_operating_income": -28000000.0,
            "depreciation": null,
            "depreciation_and_amortization": 184000000.0,
            "income_before_tax": 307000000.0,
            "income_tax_expense": 42000000.0,
            "interest_and_debt_expense": 21000000.0,
            "net_income_from_continuing_operations": 264000000.0,
            "comprehensive_income_net_of_tax": 507000000.0,
            "ebit": 328000000.0,
            "ebitda": 512000000.0,
            "net_income": 265000000.0
        },
        {
            "fiscal_date_ending": "2017-09-30",
            "reported_currency": "USD",
            "gross_profit": 1130000000.0,
            "total_revenue": 2705000000.0,
            "cost_of_revenue": 2479000000.0,
            "cost_of_goods_and_services_sold": 1577000000.0,
            "operating_income": 300000000.0,
            "selling_general_and_administrative": 680000000.0,
            "research_and_development": 150000000.0,
            "operating_expenses": 1051000000.0,
            "investment_income_net": 8000000.0,
            "net_interest_income": -14000000.0,
            "interest_income": 8000000.0,
            "interest_expense": 22000000.0,
            "non_interest_income": 12000000.0,
            "other_non_operating_income": 4000000.0,
            "depreciation": null,
            "depreciation_and_amortization": 184000000.0,
            "income_before_tax": 293000000.0,
            "income_tax_expense": 42000000.0,
            "interest_and_debt_expense": 22000000.0,
            "net_income_from_continuing_operations": 248000000.0,
            "comprehensive_income_net_of_tax": 433000000.0,
            "ebit": 315000000.0,
            "ebitda": 499000000.0,
            "net_income": 251000000.0
        },
        {
            "fiscal_date_ending": "2017-12-31",
            "reported_currency": "USD",
            "gross_profit": 1164000000.0,
            "total_revenue": 2774000000.0,
            "cost_of_revenue": 2528000000.0,
            "cost_of_goods_and_services_sold": 1629000000.0,
            "operating_income": 288000000.0,
            "selling_general_and_administrative": 753000000.0,
            "research_and_development": 183000000.0,
            "operating_expenses": 1095000000.0,
            "investment_income_net": 9000000.0,
            "net_interest_income": -14000000.0,
            "interest_income": 9000000.0,
            "interest_expense": 23000000.0,
            "non_interest_income": 2774000000.0,
            "other_non_operating_income": -98000000.0,
            "depreciation": null,
            "depreciation_and_amortization": 199000000.0,
            "income_before_tax": 281000000.0,
            "income_tax_expense": 352000000.0,
            "interest_and_debt_expense": 23000000.0,
            "net_income_from_continuing_operations": -61000000.0,
            "comprehensive_income_net_of_tax": -26000000.0,
            "ebit": 304000000.0,
            "ebitda": 503000000.0,
            "net_income": -71000000.0
        },
        {
            "fiscal_date_ending": "2018-03-31",
            "reported_currency": "USD",
            "gross_profit": 1121000000.0,
            "total_revenue": 2680000000.0,
            "cost_of_revenue": 2238000000.0,
            "cost_of_goods_and_services_sold": 1571000000.0,
            "operating_income": 434000000.0,
            "selling_general_and_administrative": 633000000.0,
            "research_and_development": 141000000.0,
            "operating_expenses": 815000000.0,
            "investment_income_net": 10000000.0,
            "net_interest_income": -12000000.0,
            "interest_income": 10000000.0,
            "interest_expense": 22000000.0,
            "non_interest_income": 15000000.0,
            "other_non_operating_income": 6000000.0,
            "depreciation": null,
            "depreciation_and_amortization": 41000000.0,
            "income_before_tax": 428000000.0,
            "income_tax_expense": 46000000.0,
            "interest_and_debt_expense": 22000000.0,
            "net_income_from_continuing_operations": 382000000.0,
            "comprehensive_income_net_of_tax": 517000000.0,
            "ebit": 450000000.0,
            "ebitda": 491000000.0,
            "net_income": 382000000.0
        },
        {
            "fiscal_date_ending": "2018-06-30",
            "reported_currency": "USD",
            "gross_profit": 1223000000.0,
            "total_revenue": 2849000000.0,
            "cost_of_revenue": 2349000000.0,
            "cost_of_goods_and_services_sold": 1590000000.0,
            "operating_income": 377000000.0,
            "selling_general_and_administrative": 676000000.0,
            "research_and_development": 172000000.0,
            "operating_expenses": 920000000.0,
            "investment_income_net": 13000000.0,
            "net_interest_income": -11000000.0,
            "interest_income": 13000000.0,
            "interest_expense": 24000000.0,
            "non_interest_income": 2860000000.0,
            "other_non_operating_income": 38000000.0,
            "depreciation": null,
            "depreciation_and_amortization": 44000000.0,
            "income_before_tax": 404000000.0,
            "income_tax_expense": 63000000.0,
            "interest_and_debt_expense": 24000000.0,
            "net_income_from_continuing_operations": 341000000.0,
            "comprehensive_income_net_of_tax": 20000000.0,
            "ebit": 428000000.0,
            "ebitda": 472000000.0,
            "net_income": 341000000.0
        },
        {
            "fiscal_date_ending": "2018-09-30",
            "reported_currency": "USD",
            "gross_profit": 1232000000.0,
            "total_revenue": 2776000000.0,
            "cost_of_revenue": 2321000000.0,
            "cost_of_goods_and_services_sold": 1529000000.0,
            "operating_income": 382000000.0,
            "selling_general_and_administrative": 684000000.0,
            "research_and_development": 166000000.0,
            "operating_expenses": 956000000.0,
            "investment_income_net": 13000000.0,
            "net_interest_income": -11000000.0,
            "interest_income": 13000000.0,
            "interest_expense": 24000000.0,
            "non_interest_income": 2787000000.0,
            "other_non_operating_income": 1000000.0,
            "depreciation": null,
            "depreciation_and_amortization": 42000000.0,
            "income_before_tax": 372000000.0,
            "income_tax_expense": -146000000.0,
            "interest_and_debt_expense": 24000000.0,
            "net_income_from_continuing_operations": 518000000.0,
            "comprehensive_income_net_of_tax": 520000000.0,
            "ebit": 396000000.0,
            "ebitda": 438000000.0,
            "net_income": 518000000.0
        },
        {
            "fiscal_date_ending": "2018-12-31",
            "reported_currency": "USD",
            "gross_profit": 1183000000.0,
            "total_revenue": 2841000000.0,
            "cost_of_revenue": 2277000000.0,
            "cost_of_goods_and_services_sold": 1650000000.0,
            "operating_income": 391000000.0,
            "selling_general_and_administrative": 627000000.0,
            "research_and_development": 175000000.0,
            "operating_expenses": 802000000.0,
            "investment_income_net": 12000000.0,
            "net_interest_income": -11000000.0,
            "interest_income": 12000000.0,
            "interest_expense": 23000000.0,
            "non_interest_income": 2841000000.0,
            "other_non_operating_income": 33000000.0,
            "depreciation": null,
            "depreciation_and_amortization": 655000000.0,
            "income_before_tax": 407000000.0,
            "income_tax_expense": 102000000.0,
            "interest_and_debt_expense": 23000000.0,
            "net_income_from_continuing_operations": 311000000.0,
            "comprehensive_income_net_of_tax": 236000000.0,
            "ebit": 430000000.0,
            "ebitda": 1085000000.0,
            "net_income": 305000000.0
        },
        {
            "fiscal_date_ending": "2019-03-31",
            "reported_currency": "USD",
            "gross_profit": 1080000000.0,
            "total_revenue": 2652000000.0,
            "cost_of_revenue": 2220000000.0,
            "cost_of_goods_and_services_sold": 1558000000.0,
            "operating_income": 383000000.0,
            "selling_general_and_administrative": 601000000.0,
            "research_and_development": 129000000.0,
            "operating_expenses": 764000000.0,
            "investment_income_net": 7000000.0,
            "net_interest_income": -18000000.0,
            "interest_income": 7000000.0,
            "interest_expense": 25000000.0,
            "non_interest_income": 2637000000.0,
            "other_non_operating_income": 21000000.0,
            "depreciation": null,
            "depreciation_and_amortization": 43000000.0,
            "income_before_tax": 386000000.0,
            "income_tax_expense": 44000000.0,
            "interest_and_debt_expense": 25000000.0,
            "net_income_from_continuing_operations": 347000000.0,
            "comprehensive_income_net_of_tax": 244000000.0,
            "ebit": 411000000.0,
            "ebitda": 454000000.0,
            "net_income": 342000000.0
        },
        {
            "fiscal_date_ending": "2019-06-30",
            "reported_currency": "USD",
            "gross_profit": 1153000000.0,
            "total_revenue": 2841000000.0,
            "cost_of_revenue": 2420000000.0,
            "cost_of_goods_and_services_sold": 1681000000.0,
            "operating_income": 350000000.0,
            "selling_general_and_administrative": 641000000.0,
            "research_and_development": 166000000.0,
            "operating_expenses": 905000000.0,
            "investment_income_net": 8000000.0,
            "net_interest_income": -20000000.0,
            "interest_income": 8000000.0,
            "interest_expense": 28000000.0,
            "non_interest_income": 2857000000.0,
            "other_non_operating_income": -4000000.0,
            "depreciation": null,
            "depreciation_and_amortization": 45000000.0,
            "income_before_tax": 326000000.0,
            "income_tax_expense": 13000000.0,
            "interest_and_debt_expense": 28000000.0,
            "net_income_from_continuing_operations": 343000000.0,
            "comprehensive_income_net_of_tax": 309000000.0,
            "ebit": 354000000.0,
            "ebitda": 399000000.0,
            "net_income": 313000000.0
        },
        {
            "fiscal_date_ending": "2019-09-30",
            "reported_currency": "USD",
            "gross_profit": 1230000000.0,
            "total_revenue": 2808000000.0,
            "cost_of_revenue": 2313000000.0,
            "cost_of_goods_and_services_sold": 1621000000.0,
            "operating_income": 503000000.0,
            "selling_general_and_administrative": 627000000.0,
            "research_and_development": 144000000.0,
            "operating_expenses": 836000000.0,
            "investment_income_net": 15000000.0,
            "net_interest_income": -13000000.0,
            "interest_income": 15000000.0,
            "interest_expense": 28000000.0,
            "non_interest_income": 2821000000.0,
            "other_non_operating_income": -9000000.0,
            "depreciation": null,
            "depreciation_and_amortization": 48000000.0,
            "income_before_tax": 475000000.0,
            "income_tax_expense": 106000000.0,
            "interest_and_debt_expense": 28000000.0,
            "net_income_from_continuing_operations": 375000000.0,
            "comprehensive_income_net_of_tax": 167000000.0,
            "ebit": 503000000.0,
            "ebitda": 551000000.0,
            "net_income": 369000000.0
        },
        {
            "fiscal_date_ending": "2019-12-31",
            "reported_currency": "USD",
            "gross_profit": 1298000000.0,
            "total_revenue": 3039000000.0,
            "cost_of_revenue": -755000000.0,
            "cost_of_goods_and_services_sold": 1741000000.0,
            "operating_income": 536000000.0,
            "selling_general_and_administrative": 666000000.0,
            "research_and_development": 156000000.0,
            "operating_expenses": -755000000.0,
            "investment_income_net": 10000000.0,
            "net_interest_income": -20000000.0,
            "interest_income": 10000000.0,
            "interest_expense": 30000000.0,
            "non_interest_income": 3039000000.0,
            "other_non_operating_income": -739000000.0,
            "depreciation": null,
            "depreciation_and_amortization": 653000000.0,
            "income_before_tax": -227000000.0,
            "income_tax_expense": -204000000.0,
            "interest_and_debt_expense": 30000000.0,
            "net_income_from_continuing_operations": -29000000.0,
            "comprehensive_income_net_of_tax": 555000000.0,
            "ebit": -197000000.0,
            "ebitda": 456000000.0,
            "net_income": -23000000.0
        },
        {
            "fiscal_date_ending": "2020-03-31",
            "reported_currency": "USD",
            "gross_profit": 1163000000.0,
            "total_revenue": 2787000000.0,
            "cost_of_revenue": 2344000000.0,
            "cost_of_goods_and_services_sold": 1639000000.0,
            "operating_income": 409000000.0,
            "selling_general_and_administrative": 628000000.0,
            "research_and_development": 146000000.0,
            "operating_expenses": 858000000.0,
            "investment_income_net": 9000000.0,
            "net_interest_income": -21000000.0,
            "interest_income": 9000000.0,
            "interest_expense": 30000000.0,
            "non_interest_income": 2791000000.0,
            "other_non_operating_income": -10000000.0,
            "depreciation": null,
            "depreciation_and_amortization": 52000000.0,
            "income_before_tax": 377000000.0,
            "income_tax_expense": 45000000.0,
            "interest_and_debt_expense": 30000000.0,
            "net_income_from_continuing_operations": 333000000.0,
            "comprehensive_income_net_of_tax": -135000000.0,
            "ebit": 407000000.0,
            "ebitda": 459000000.0,
            "net_income": 332000000.0
        },
        {
            "fiscal_date_ending": "2020-06-30",
            "reported_currency": "USD",
            "gross_profit": 1038000000.0,
            "total_revenue": 2696000000.0,
            "cost_of_revenue": 2350000000.0,
            "cost_of_goods_and_services_sold": 1680000000.0,
            "operating_income": 331000000.0,
            "selling_general_and_administrative": 590000000.0,
            "research_and_development": 117000000.0,
            "operating_expenses": 782000000.0,
            "investment_income_net": 4000000.0,
            "net_interest_income": -36000000.0,
            "interest_income": 4000000.0,
            "interest_expense": 40000000.0,
            "non_interest_income": 2708000000.0,
            "other_non_operating_income": -6000000.0,
            "depreciation": null,
            "depreciation_and_amortization": 56000000.0,
            "income_before_tax": 288000000.0,
            "income_tax_expense": 42000000.0,
            "interest_and_debt_expense": 40000000.0,
            "net_income_from_continuing_operations": 247000000.0,
            "comprehensive_income_net_of_tax": 435000000.0,
            "ebit": 328000000.0,
            "ebitda": 384000000.0,
            "net_income": 246000000.0
        },
        {
            "fiscal_date_ending": "2020-09-30",
            "reported_currency": "USD",
            "gross_profit": 1195000000.0,
            "total_revenue": 2937000000.0,
            "cost_of_revenue": 2461000000.0,
            "cost_of_goods_and_services_sold": 1777000000.0,
            "operating_income": 470000000.0,
            "selling_general_and_administrative": 601000000.0,
            "research_and_development": 123000000.0,
            "operating_expenses": 799000000.0,
            "investment_income_net": 3000000.0,
            "net_interest_income": -39000000.0,
            "interest_income": 3000000.0,
            "interest_expense": 42000000.0,
            "non_interest_income": 2949000000.0,
            "other_non_operating_income": -16000000.0,
            "depreciation": null,
            "depreciation_and_amortization": 57000000.0,
            "income_before_tax": 412000000.0,
            "income_tax_expense": 56000000.0,
            "interest_and_debt_expense": 42000000.0,
            "net_income_from_continuing_operations": 359000000.0,
            "comprehensive_income_net_of_tax": 505000000.0,
            "ebit": 454000000.0,
            "ebitda": 511000000.0,
            "net_income": 356000000.0
        },
        {
            "fiscal_date_ending": "2020-12-31",
            "reported_currency": "USD",
            "gross_profit": 1191000000.0,
            "total_revenue": 3071000000.0,
            "cost_of_revenue": 72000000.0,
            "cost_of_goods_and_services_sold": 1990000000.0,
            "operating_income": 406000000.0,
            "selling_general_and_administrative": 650000000.0,
            "research_and_development": 135000000.0,
            "operating_expenses": 72000000.0,
            "investment_income_net": 3000000.0,
            "net_interest_income": -38000000.0,
            "interest_income": 3000000.0,
            "interest_expense": 41000000.0,
            "non_interest_income": 3071000000.0,
            "other_non_operating_income": -158000000.0,
            "depreciation": null,
            "depreciation_and_amortization": 663000000.0,
            "income_before_tax": 207000000.0,
            "income_tax_expense": 39000000.0,
            "interest_and_debt_expense": 110000000.0,
            "net_income_from_continuing_operations": 163000000.0,
            "comprehensive_income_net_of_tax": 693000000.0,
            "ebit": 248000000.0,
            "ebitda": 911000000.0,
            "net_income": 168000000.0
        },
        {
            "fiscal_date_ending": "2021-03-31",
            "reported_currency": "USD",
            "gross_profit": 1145000000.0,
            "total_revenue": 2955000000.0,
            "cost_of_revenue": 2517000000.0,
            "cost_of_goods_and_services_sold": 1801000000.0,
            "operating_income": 390000000.0,
            "selling_general_and_administrative": 627000000.0,
            "research_and_development": 128000000.0,
            "operating_expenses": 839000000.0,
            "investment_income_net": 3000000.0,
            "net_interest_income": -34000000.0,
            "interest_income": 3000000.0,
            "interest_expense": 37000000.0,
            "non_interest_income": 2949000000.0,
            "other_non_operating_income": -5000000.0,
            "depreciation": null,
            "depreciation_and_amortization": 64000000.0,
            "income_before_tax": 349000000.0,
            "income_tax_expense": 51000000.0,
            "interest_and_debt_expense": 37000000.0,
            "net_income_from_continuing_operations": 300000000.0,
            "comprehensive_income_net_of_tax": 132000000.0,
            "ebit": 386000000.0,
            "ebitda": 450000000.0,
            "net_income": 298000000.0
        },
        {
            "fiscal_date_ending": "2021-06-30",
            "reported_currency": "USD",
            "gross_profit": 1233000000.0,
            "total_revenue": 3101000000.0,
            "cost_of_revenue": 2617000000.0,
            "cost_of_goods_and_services_sold": 1865000000.0,
            "operating_income": 424000000.0,
            "selling_general_and_administrative": 675000000.0,
            "research_and_development": 139000000.0,
            "operating_expenses": 877000000.0,
            "investment_income_net": 3000000.0,
            "net_interest_income": -34000000.0,
            "interest_income": 3000000.0,
            "interest_expense": 37000000.0,
            "non_interest_income": 3090000000.0,
            "other_non_operating_income": 2000000.0,
            "depreciation": null,
            "depreciation_and_amortization": 67000000.0,
            "income_before_tax": 389000000.0,
            "income_tax_expense": 91000000.0,
            "interest_and_debt_expense": 37000000.0,
            "net_income_from_continuing_operations": 301000000.0,
            "comprehensive_income_net_of_tax": 402000000.0,
            "ebit": 426000000.0,
            "ebitda": 493000000.0,
            "net_income": 298000000.0
        },
        {
            "fiscal_date_ending": "2021-09-30",
            "reported_currency": "USD",
            "gross_profit": 1321000000.0,
            "total_revenue": 3200000000.0,
            "cost_of_revenue": 2685000000.0,
            "cost_of_goods_and_services_sold": 1905000000.0,
            "operating_income": 513000000.0,
            "selling_general_and_administrative": 680000000.0,
            "research_and_development": 129000000.0,
            "operating_expenses": 908000000.0,
            "investment_income_net": 4000000.0,
            "net_interest_income": -50000000.0,
            "interest_income": 4000000.0,
            "interest_expense": 54000000.0,
            "non_interest_income": 3226000000.0,
            "other_non_operating_income": -12000000.0,
            "depreciation": null,
            "depreciation_and_amortization": 68000000.0,
            "income_before_tax": 449000000.0,
            "income_tax_expense": -1000000.0,
            "interest_and_debt_expense": 54000000.0,
            "net_income_from_continuing_operations": 452000000.0,
            "comprehensive_income_net_of_tax": 344000000.0,
            "ebit": 503000000.0,
            "ebitda": 571000000.0,
            "net_income": 450000000.0
        },
        {
            "fiscal_date_ending": "2021-12-31",
            "reported_currency": "USD",
            "gross_profit": 1406000000.0,
            "total_revenue": 3475000000.0,
            "cost_of_revenue": 3717000000.0,
            "cost_of_goods_and_services_sold": 2108000000.0,
            "operating_income": 383000000.0,
            "selling_general_and_administrative": 885000000.0,
            "research_and_development": 138000000.0,
            "operating_expenses": 1738000000.0,
            "investment_income_net": 4000000.0,
            "net_interest_income": -74000000.0,
            "interest_income": 4000000.0,
            "interest_expense": 78000000.0,
            "non_interest_income": 3495000000.0,
            "other_non_operating_income": -26000000.0,
            "depreciation": null,
            "depreciation_and_amortization": 698000000.0,
            "income_before_tax": 279000000.0,
            "income_tax_expense": 41000000.0,
            "interest_and_debt_expense": 83000000.0,
            "net_income_from_continuing_operations": 242000000.0,
            "comprehensive_income_net_of_tax": 340000000.0,
            "ebit": 357000000.0,
            "ebitda": 1055000000.0,
            "net_income": 238000000.0
        },
        {
            "fiscal_date_ending": "2022-03-31",
            "reported_currency": "USD",
            "gross_profit": 1348000000.0,
            "total_revenue": 3758000000.0,
            "cost_of_revenue": 3695000000.0,
            "cost_of_goods_and_services_sold": 2359000000.0,
            "operating_income": 163000000.0,
            "selling_general_and_administrative": 1052000000.0,
            "research_and_development": 150000000.0,
            "operating_expenses": 1489000000.0,
            "investment_income_net": 3000000.0,
            "net_interest_income": -85000000.0,
            "interest_income": 3000000.0,
            "interest_expense": 88000000.0,
            "non_interest_income": 3718000000.0,
            "other_non_operating_income": 16000000.0,
            "depreciation": null,
            "depreciation_and_amortization": 217000000.0,
            "income_before_tax": 92000000.0,
            "income_tax_expense": 21000000.0,
            "interest_and_debt_expense": 88000000.0,
            "net_income_from_continuing_operations": 6000000.0,
            "comprehensive_income_net_of_tax": 64000000.0,
            "ebit": 180000000.0,
            "ebitda": 397000000.0,
            "net_income": 71000000.0
        },
        {
            "fiscal_date_ending": "2022-06-30",
            "reported_currency": "USD",
            "gross_profit": 1371000000.0,
            "total_revenue": 3790000000.0,
            "cost_of_revenue": 3488000000.0,
            "cost_of_goods_and_services_sold": 2223000000.0,
            "operating_income": 264000000.0,
            "selling_general_and_administrative": 970000000.0,
            "research_and_development": 148000000.0,
            "operating_expenses": 1341000000.0,
            "investment_income_net": 4000000.0,
            "net_interest_income": -89000000.0,
            "interest_income": 4000000.0,
            "interest_expense": 93000000.0,
            "non_interest_income": 3761000000.0,
            "other_non_operating_income": 44000000.0,
            "depreciation": null,
            "depreciation_and_amortization": 193000000.0,
            "income_before_tax": 286000000.0,
            "income_tax_expense": 34000000.0,
            "interest_and_debt_expense": 93000000.0,
            "net_income_from_continuing_operations": 182000000.0,
            "comprehensive_income_net_of_tax": -128000000.0,
            "ebit": 379000000.0,
            "ebitda": 572000000.0,
            "net_income": 252000000.0
        },
        {
            "fiscal_date_ending": "2022-09-30",
            "reported_currency": "USD",
            "gross_profit": 1045000000.0,
            "total_revenue": 3752000000.0,
            "cost_of_revenue": 6597000000.0,
            "cost_of_goods_and_services_sold": 2564000000.0,
            "operating_income": -2880000000.0,
            "selling_general_and_administrative": 941000000.0,
            "research_and_development": 151000000.0,
            "operating_expenses": 4108000000.0,
            "investment_income_net": null,
            "net_interest_income": -104000000.0,
            "interest_income": 5000000.0,
            "interest_expense": 109000000.0,
            "non_interest_income": 3708000000.0,
            "other_non_operating_income": -61000000.0,
            "depreciation": null,
            "depreciation_and_amortization": 168000000.0,
            "income_before_tax": -2991000000.0,
            "income_tax_expense": -54000000.0,
            "interest_and_debt_expense": 109000000.0,
            "net_income_from_continuing_operations": -2994000000.0,
            "comprehensive_income_net_of_tax": -3224000000.0,
            "ebit": -2882000000.0,
            "ebitda": -2714000000.0,
            "net_income": -2937000000.0
        },
        {
            "fiscal_date_ending": "2022-12-31",
            "reported_currency": "USD",
            "gross_profit": 1388000000.0,
            "total_revenue": 3864000000.0,
            "cost_of_revenue": 4220000000.0,
            "cost_of_goods_and_services_sold": 2633000000.0,
            "operating_income": 590000000.0,
            "selling_general_and_administrative": 929000000.0,
            "research_and_development": 157000000.0,
            "operating_expenses": 1950000000.0,
            "investment_income_net": null,
            "net_interest_income": -117000000.0,
            "interest_income": 8000000.0,
            "interest_expense": 125000000.0,
            "non_interest_income": 3843000000.0,
            "other_non_operating_income": -14000000.0,
            "depreciation": null,
            "depreciation_and_amortization": 831000000.0,
            "income_before_tax": 263000000.0,
            "income_tax_expense": 82000000.0,
            "interest_and_debt_expense": 125000000.0,
            "net_income_from_continuing_operations": 140000000.0,
            "comprehensive_income_net_of_tax": 407000000.0,
            "ebit": 388000000.0,
            "ebitda": 1219000000.0,
            "net_income": 181000000.0
        },
        {
            "fiscal_date_ending": "2023-03-31",
            "reported_currency": "USD",
            "gross_profit": 1275000000.0,
            "total_revenue": 3646000000.0,
            "cost_of_revenue": 3584000000.0,
            "cost_of_goods_and_services_sold": 2238000000.0,
            "operating_income": 129000000.0,
            "selling_general_and_administrative": 995000000.0,
            "research_and_development": 164000000.0,
            "operating_expenses": 1449000000.0,
            "investment_income_net": null,
            "net_interest_income": -117000000.0,
            "interest_income": 10000000.0,
            "interest_expense": 127000000.0,
            "non_interest_income": 3635000000.0,
            "other_non_operating_income": 2000000.0,
            "depreciation": null,
            "depreciation_and_amortization": 162000000.0,
            "income_before_tax": 69000000.0,
            "income_tax_expense": 14000000.0,
            "interest_and_debt_expense": 127000000.0,
            "net_income_from_continuing_operations": -1000000.0,
            "comprehensive_income_net_of_tax": 138000000.0,
            "ebit": 196000000.0,
            "ebitda": 358000000.0,
            "net_income": 44000000.0
        },
        {
            "fiscal_date_ending": "2023-06-30",
            "reported_currency": "USD",
            "gross_profit": 1111000000.0,
            "total_revenue": 3696000000.0,
            "cost_of_revenue": 4004000000.0,
            "cost_of_goods_and_services_sold": 2596000000.0,
            "operating_income": -17000000.0,
            "selling_general_and_administrative": 964000000.0,
            "research_and_development": 165000000.0,
            "operating_expenses": 1579000000.0,
            "investment_income_net": null,
            "net_interest_income": -124000000.0,
            "interest_income": 8000000.0,
            "interest_expense": 132000000.0,
            "non_interest_income": 3685000000.0,
            "other_non_operating_income": -42000000.0,
            "depreciation": null,
            "depreciation_and_amortization": 157000000.0,
            "income_before_tax": -131000000.0,
            "income_tax_expense": 10000000.0,
            "interest_and_debt_expense": 132000000.0,
            "net_income_from_continuing_operations": -195000000.0,
            "comprehensive_income_net_of_tax": -216000000.0,
            "ebit": 1000000.0,
            "ebitda": 158000000.0,
            "net_income": -141000000.0
        },
        {
            "fiscal_date_ending": "2023-09-30",
            "reported_currency": "USD",
            "gross_profit": 1056000000.0,
            "total_revenue": 3693000000.0,
            "cost_of_revenue": 4086000000.0,
            "cost_of_goods_and_services_sold": 1543000000.0,
            "operating_income": 179000000.0,
            "selling_general_and_administrative": 744000000.0,
            "research_and_development": 133000000.0,
            "operating_expenses": 1663000000.0,
            "investment_income_net": null,
            "net_interest_income": -128000000.0,
            "interest_income": 8000000.0,
            "interest_expense": 136000000.0,
            "non_interest_income": 3695000000.0,
            "other_non_operating_income": 12000000.0,
            "depreciation": null,
            "depreciation_and_amortization": 162000000.0,
            "income_before_tax": 2285000000.0,
            "income_tax_expense": 27000000.0,
            "interest_and_debt_expense": 136000000.0,
            "net_income_from_continuing_operations": 37000000.0,
            "comprehensive_income_net_of_tax": 2606000000.0,
            "ebit": 2421000000.0,
            "ebitda": 2583000000.0,
            "net_income": 2508000000.0
        },
        {
            "fiscal_date_ending": "2023-12-31",
            "reported_currency": "USD",
            "gross_profit": 1472000000.0,
            "total_revenue": 3885000000.0,
            "cost_of_revenue": 4214000000.0,
            "cost_of_goods_and_services_sold": 2413000000.0,
            "operating_income": 329000000.0,
            "selling_general_and_administrative": 985000000.0,
            "research_and_development": 172000000.0,
            "operating_expenses": 1936000000.0,
            "investment_income_net": null,
            "net_interest_income": -73000000.0,
            "interest_income": 44000000.0,
            "interest_expense": 117000000.0,
            "non_interest_income": 3885000000.0,
            "other_non_operating_income": -18000000.0,
            "depreciation": null,
            "depreciation_and_amortization": 788000000.0,
            "income_before_tax": 410000000.0,
            "income_tax_expense": 165000000.0,
            "interest_and_debt_expense": 117000000.0,
            "net_income_from_continuing_operations": 72000000.0,
            "comprehensive_income_net_of_tax": 407000000.0,
            "ebit": 527000000.0,
            "ebitda": 1315000000.0,
            "net_income": 245000000.0
        },
        {
            "fiscal_date_ending": "2024-03-31",
            "reported_currency": "USD",
            "gross_profit": 1387000000.0,
            "total_revenue": 3647000000.0,
            "cost_of_revenue": 3445000000.0,
            "cost_of_goods_and_services_sold": 2205000000.0,
            "operating_income": 187000000.0,
            "selling_general_and_administrative": 1027000000.0,
            "research_and_development": 176000000.0,
            "operating_expenses": 1412000000.0,
            "investment_income_net": null,
            "net_interest_income": -78000000.0,
            "interest_income": 25000000.0,
            "interest_expense": 103000000.0,
            "non_interest_income": 3578000000.0,
            "other_non_operating_income": 7000000.0,
            "depreciation": null,
            "depreciation_and_amortization": 166000000.0,
            "income_before_tax": 114000000.0,
            "income_tax_expense": 77000000.0,
            "interest_and_debt_expense": 103000000.0,
            "net_income_from_continuing_operations": 37000000.0,
            "comprehensive_income_net_of_tax": -131000000.0,
            "ebit": 217000000.0,
            "ebitda": 383000000.0,
            "net_income": 37000000.0
        },
        {
            "fiscal_date_ending": "2024-06-30",
            "reported_currency": "USD",
            "gross_profit": 1431000000.0,
            "total_revenue": 3835000000.0,
            "cost_of_revenue": 4008000000.0,
            "cost_of_goods_and_services_sold": 2381000000.0,
            "operating_income": -192000000.0,
            "selling_general_and_administrative": 1021000000.0,
            "research_and_development": 173000000.0,
            "operating_expenses": 1800000000.0,
            "investment_income_net": null,
            "net_interest_income": -85000000.0,
            "interest_income": 19000000.0,
            "interest_expense": 104000000.0,
            "non_interest_income": 3812000000.0,
            "other_non_operating_income": 20000000.0,
            "depreciation": null,
            "depreciation_and_amortization": 167000000.0,
            "income_before_tax": -260000000.0,
            "income_tax_expense": 54000000.0,
            "interest_and_debt_expense": null,
            "net_income_from_continuing_operations": -314000000.0,
            "comprehensive_income_net_of_tax": -420000000.0,
            "ebit": -156000000.0,
            "ebitda": 11000000.0,
            "net_income": -314000000.0
        },
        {
            "fiscal_date_ending": "2024-09-30",
            "reported_currency": "USD",
            "gross_profit": 1033000000.0,
            "total_revenue": 2797000000.0,
            "cost_of_revenue": 2594000000.0,
            "cost_of_goods_and_services_sold": 1666000000.0,
            "operating_income": 155000000.0,
            "selling_general_and_administrative": 754000000.0,
            "research_and_development": 129000000.0,
            "operating_expenses": 1058000000.0,
            "investment_income_net": null,
            "net_interest_income": -87000000.0,
            "interest_income": 14000000.0,
            "interest_expense": 87000000.0,
            "non_interest_income": 2692000000.0,
            "other_non_operating_income": 1000000.0,
            "depreciation": null,
            "depreciation_and_amortization": 159000000.0,
            "income_before_tax": 148000000.0,
            "income_tax_expense": 8000000.0,
            "interest_and_debt_expense": -14000000.0,
            "net_income_from_continuing_operations": 61000000.0,
            "comprehensive_income_net_of_tax": 321000000.0,
            "ebit": 155000000.0,
            "ebitda": 314000000.0,
            "net_income": 140000000.0
        }
    ],
    "total_quarters": 66,
    "date_range": {
        "start": "2008-06-30",
        "end": "2024-09-30"
    }
}