{
    "symbol": "JNJ",
    "quarterly_reports": [
        {
            "fiscal_date_ending": "2009-03-31",
            "reported_currency": "USD",
            "gross_profit": 10775000000.0,
            "total_revenue": 15026000000.0,
            "cost_of_revenue": 4251000000.0,
            "cost_of_goods_and_services_sold": 4251000000.0,
            "operating_income": 4674000000.0,
            "selling_general_and_administrative": 4608000000.0,
            "research_and_development": 1518000000.0,
            "operating_expenses": 6126000000.0,
            "investment_income_net": null,
            "net_interest_income": null,
            "interest_income": null,
            "interest_expense": 106000000.0,
            "non_interest_income": null,
            "other_non_operating_income": 75000000.0,
            "depreciation": null,
            "depreciation_and_amortization": 676000000.0,
            "income_before_tax": 4643000000.0,
            "income_tax_expense": 1136000000.0,
            "interest_and_debt_expense": null,
            "net_income_from_continuing_operations": null,
            "comprehensive_income_net_of_tax": null,
            "ebit": 4749000000.0,
            "ebitda": 5425000000.0,
            "net_income": 3507000000.0
        },
        {
            "fiscal_date_ending": "2009-06-30",
            "reported_currency": "USD",
            "gross_profit": 10789000000.0,
            "total_revenue": 15239000000.0,
            "cost_of_revenue": 4450000000.0,
            "cost_of_goods_and_services_sold": 4450000000.0,
            "operating_income": 4379000000.0,
            "selling_general_and_administrative": 4797000000.0,
            "research_and_development": 1638000000.0,
            "operating_expenses": 6435000000.0,
            "investment_income_net": null,
            "net_interest_income": null,
            "interest_income": null,
            "interest_expense": 110000000.0,
            "non_interest_income": null,
            "other_non_operating_income": 6000000.0,
            "depreciation": null,
            "depreciation_and_amortization": 679000000.0,
            "income_before_tax": 4263000000.0,
            "income_tax_expense": 1055000000.0,
            "interest_and_debt_expense": null,
            "net_income_from_continuing_operations": 3208000000.0,
            "comprehensive_income_net_of_tax": null,
            "ebit": 4373000000.0,
            "ebitda": 5052000000.0,
            "net_income": 3208000000.0
        },
        {
            "fiscal_date_ending": "2009-09-30",
            "reported_currency": "USD",
            "gross_profit": 10647000000.0,
            "total_revenue": 14939000000.0,
            "cost_of_revenue": 9201000000.0,
            "cost_of_goods_and_services_sold": 4434000000.0,
            "operating_income": 4263000000.0,
            "selling_general_and_administrative": 4767000000.0,
            "research_and_development": 1617000000.0,
            "operating_expenses": 6526000000.0,
            "investment_income_net": 28000000.0,
            "net_interest_income": -142000000.0,
            "interest_income": null,
            "interest_expense": 142000000.0,
            "non_interest_income": null,
            "other_non_operating_income": 96000000.0,
            "depreciation": null,
            "depreciation_and_amortization": 675000000.0,
            "income_before_tax": 4245000000.0,
            "income_tax_expense": 900000000.0,
            "interest_and_debt_expense": 142000000.0,
            "net_income_from_continuing_operations": 3345000000.0,
            "comprehensive_income_net_of_tax": 3345000000.0,
            "ebit": 4387000000.0,
            "ebitda": 5062000000.0,
            "net_income": 3345000000.0
        },
        {
            "fiscal_date_ending": "2009-12-31",
            "reported_currency": "USD",
            "gross_profit": 11239000000.0,
            "total_revenue": 16551000000.0,
            "cost_of_revenue": 1374000000.0,
            "cost_of_goods_and_services_sold": 113000000.0,
            "operating_income": 3355000000.0,
            "selling_general_and_administrative": 5629000000.0,
            "research_and_development": 2213000000.0,
            "operating_expenses": 1261000000.0,
            "investment_income_net": 12000000.0,
            "net_interest_income": -93000000.0,
            "interest_income": null,
            "interest_expense": 93000000.0,
            "non_interest_income": null,
            "other_non_operating_income": 361000000.0,
            "depreciation": null,
            "depreciation_and_amortization": 744000000.0,
            "income_before_tax": 2604000000.0,
            "income_tax_expense": 398000000.0,
            "interest_and_debt_expense": 93000000.0,
            "net_income_from_continuing_operations": -2635000000.0,
            "comprehensive_income_net_of_tax": -2635000000.0,
            "ebit": 2697000000.0,
            "ebitda": 3441000000.0,
            "net_income": 2206000000.0
        },
        {
            "fiscal_date_ending": "2010-03-31",
            "reported_currency": "USD",
            "gross_profit": 11103000000.0,
            "total_revenue": 15631000000.0,
            "cost_of_revenue": 9307000000.0,
            "cost_of_goods_and_services_sold": 4528000000.0,
            "operating_income": 6457000000.0,
            "selling_general_and_administrative": 4779000000.0,
            "research_and_development": 1557000000.0,
            "operating_expenses": 6522000000.0,
            "investment_income_net": 27000000.0,
            "net_interest_income": -108000000.0,
            "interest_income": null,
            "interest_expense": 108000000.0,
            "non_interest_income": null,
            "other_non_operating_income": 1594000000.0,
            "depreciation": null,
            "depreciation_and_amortization": 734000000.0,
            "income_before_tax": 6280000000.0,
            "income_tax_expense": 1754000000.0,
            "interest_and_debt_expense": 108000000.0,
            "net_income_from_continuing_operations": 6280000000.0,
            "comprehensive_income_net_of_tax": 4526000000.0,
            "ebit": 6388000000.0,
            "ebitda": 5528000000.0,
            "net_income": 4526000000.0
        },
        {
            "fiscal_date_ending": "2010-06-30",
            "reported_currency": "USD",
            "gross_profit": 10700000000.0,
            "total_revenue": 15330000000.0,
            "cost_of_revenue": 9386000000.0,
            "cost_of_goods_and_services_sold": 4630000000.0,
            "operating_income": 4378000000.0,
            "selling_general_and_administrative": 4756000000.0,
            "research_and_development": 1648000000.0,
            "operating_expenses": 6505000000.0,
            "investment_income_net": 43000000.0,
            "net_interest_income": -101000000.0,
            "interest_income": null,
            "interest_expense": 101000000.0,
            "non_interest_income": null,
            "other_non_operating_income": -18000000.0,
            "depreciation": null,
            "depreciation_and_amortization": 711000000.0,
            "income_before_tax": 4220000000.0,
            "income_tax_expense": 771000000.0,
            "interest_and_debt_expense": 101000000.0,
            "net_income_from_continuing_operations": 4220000000.0,
            "comprehensive_income_net_of_tax": 3449000000.0,
            "ebit": 4321000000.0,
            "ebitda": 5032000000.0,
            "net_income": 3449000000.0
        },
        {
            "fiscal_date_ending": "2010-09-30",
            "reported_currency": "USD",
            "gross_profit": 10388000000.0,
            "total_revenue": 14982000000.0,
            "cost_of_revenue": 9303000000.0,
            "cost_of_goods_and_services_sold": 4594000000.0,
            "operating_income": 4361000000.0,
            "selling_general_and_administrative": 4709000000.0,
            "research_and_development": 1657000000.0,
            "operating_expenses": 6474000000.0,
            "investment_income_net": 13000000.0,
            "net_interest_income": -108000000.0,
            "interest_income": null,
            "interest_expense": 108000000.0,
            "non_interest_income": null,
            "other_non_operating_income": 292000000.0,
            "depreciation": null,
            "depreciation_and_amortization": 725000000.0,
            "income_before_tax": 4219000000.0,
            "income_tax_expense": 802000000.0,
            "interest_and_debt_expense": 108000000.0,
            "net_income_from_continuing_operations": 4219000000.0,
            "comprehensive_income_net_of_tax": 3417000000.0,
            "ebit": 4327000000.0,
            "ebitda": 5052000000.0,
            "net_income": 3417000000.0
        },
        {
            "fiscal_date_ending": "2010-12-31",
            "reported_currency": "USD",
            "gross_profit": 10604000000.0,
            "total_revenue": 15644000000.0,
            "cost_of_revenue": 1186000000.0,
            "cost_of_goods_and_services_sold": 5985000000.0,
            "operating_income": 2504000000.0,
            "selling_general_and_administrative": 5180000000.0,
            "research_and_development": 1982000000.0,
            "operating_expenses": 1186000000.0,
            "investment_income_net": 24000000.0,
            "net_interest_income": -138000000.0,
            "interest_income": null,
            "interest_expense": 138000000.0,
            "non_interest_income": null,
            "other_non_operating_income": -1100000000.0,
            "depreciation": null,
            "depreciation_and_amortization": 769000000.0,
            "income_before_tax": 2228000000.0,
            "income_tax_expense": 286000000.0,
            "interest_and_debt_expense": 138000000.0,
            "net_income_from_continuing_operations": 2228000000.0,
            "comprehensive_income_net_of_tax": 1469000000.0,
            "ebit": 2366000000.0,
            "ebitda": 3135000000.0,
            "net_income": 1942000000.0
        },
        {
            "fiscal_date_ending": "2011-03-31",
            "reported_currency": "USD",
            "gross_profit": 11395000000.0,
            "total_revenue": 16173000000.0,
            "cost_of_revenue": 9834000000.0,
            "cost_of_goods_and_services_sold": 4778000000.0,
            "operating_income": 4726000000.0,
            "selling_general_and_administrative": 5056000000.0,
            "research_and_development": 1738000000.0,
            "operating_expenses": 6903000000.0,
            "investment_income_net": 21000000.0,
            "net_interest_income": -125000000.0,
            "interest_income": null,
            "interest_expense": 125000000.0,
            "non_interest_income": null,
            "other_non_operating_income": 13000000.0,
            "depreciation": null,
            "depreciation_and_amortization": 755000000.0,
            "income_before_tax": 4510000000.0,
            "income_tax_expense": 1034000000.0,
            "interest_and_debt_expense": 125000000.0,
            "net_income_from_continuing_operations": 4510000000.0,
            "comprehensive_income_net_of_tax": 3476000000.0,
            "ebit": 4635000000.0,
            "ebitda": 5390000000.0,
            "net_income": 3476000000.0
        },
        {
            "fiscal_date_ending": "2011-06-30",
            "reported_currency": "USD",
            "gross_profit": 11425000000.0,
            "total_revenue": 16597000000.0,
            "cost_of_revenue": 10976000000.0,
            "cost_of_goods_and_services_sold": 5172000000.0,
            "operating_income": 3538000000.0,
            "selling_general_and_administrative": 5215000000.0,
            "research_and_development": 1882000000.0,
            "operating_expenses": 7815000000.0,
            "investment_income_net": 18000000.0,
            "net_interest_income": -129000000.0,
            "interest_income": null,
            "interest_expense": 129000000.0,
            "non_interest_income": null,
            "other_non_operating_income": -206000000.0,
            "depreciation": null,
            "depreciation_and_amortization": 777000000.0,
            "income_before_tax": 3422000000.0,
            "income_tax_expense": 646000000.0,
            "interest_and_debt_expense": 129000000.0,
            "net_income_from_continuing_operations": 3422000000.0,
            "comprehensive_income_net_of_tax": 2776000000.0,
            "ebit": 3551000000.0,
            "ebitda": 5123000000.0,
            "net_income": 2776000000.0
        },
        {
            "fiscal_date_ending": "2011-09-30",
            "reported_currency": "USD",
            "gross_profit": 10933000000.0,
            "total_revenue": 16005000000.0,
            "cost_of_revenue": 10312000000.0,
            "cost_of_goods_and_services_sold": 5072000000.0,
            "operating_income": 4649000000.0,
            "selling_general_and_administrative": 5240000000.0,
            "research_and_development": 1773000000.0,
            "operating_expenses": 7147000000.0,
            "investment_income_net": 17000000.0,
            "net_interest_income": -134000000.0,
            "interest_income": null,
            "interest_expense": 134000000.0,
            "non_interest_income": null,
            "other_non_operating_income": 308000000.0,
            "depreciation": null,
            "depreciation_and_amortization": 783000000.0,
            "income_before_tax": 4111000000.0,
            "income_tax_expense": 909000000.0,
            "interest_and_debt_expense": 134000000.0,
            "net_income_from_continuing_operations": 4111000000.0,
            "comprehensive_income_net_of_tax": 1324000000.0,
            "ebit": 4245000000.0,
            "ebitda": 5028000000.0,
            "net_income": 3202000000.0
        },
        {
            "fiscal_date_ending": "2011-12-31",
            "reported_currency": "USD",
            "gross_profit": 10917000000.0,
            "total_revenue": 16255000000.0,
            "cost_of_revenue": 12650000000.0,
            "cost_of_goods_and_services_sold": 6360000000.0,
            "operating_income": 852000000.0,
            "selling_general_and_administrative": 5458000000.0,
            "research_and_development": 2155000000.0,
            "operating_expenses": 9615000000.0,
            "investment_income_net": 35000000.0,
            "net_interest_income": -183000000.0,
            "interest_income": null,
            "interest_expense": 183000000.0,
            "non_interest_income": null,
            "other_non_operating_income": -2858000000.0,
            "depreciation": null,
            "depreciation_and_amortization": 843000000.0,
            "income_before_tax": 318000000.0,
            "income_tax_expense": 100000000.0,
            "interest_and_debt_expense": 183000000.0,
            "net_income_from_continuing_operations": 318000000.0,
            "comprehensive_income_net_of_tax": -2346000000.0,
            "ebit": 501000000.0,
            "ebitda": 1344000000.0,
            "net_income": 218000000.0
        },
        {
            "fiscal_date_ending": "2012-03-31",
            "reported_currency": "USD",
            "gross_profit": 11224000000.0,
            "total_revenue": 16139000000.0,
            "cost_of_revenue": 4915000000.0,
            "cost_of_goods_and_services_sold": 4915000000.0,
            "operating_income": 5130000000.0,
            "selling_general_and_administrative": 5015000000.0,
            "research_and_development": 1645000000.0,
            "operating_expenses": 7054000000.0,
            "investment_income_net": 17000000.0,
            "net_interest_income": -147000000.0,
            "interest_income": null,
            "interest_expense": 147000000.0,
            "non_interest_income": null,
            "other_non_operating_income": 611000000.0,
            "depreciation": null,
            "depreciation_and_amortization": 205000000.0,
            "income_before_tax": 5045000000.0,
            "income_tax_expense": 1135000000.0,
            "interest_and_debt_expense": 147000000.0,
            "net_income_from_continuing_operations": 5045000000.0,
            "comprehensive_income_net_of_tax": 5002000000.0,
            "ebit": 5192000000.0,
            "ebitda": 5397000000.0,
            "net_income": 3910000000.0
        },
        {
            "fiscal_date_ending": "2012-06-30",
            "reported_currency": "USD",
            "gross_profit": 11332000000.0,
            "total_revenue": 16475000000.0,
            "cost_of_revenue": 5143000000.0,
            "cost_of_goods_and_services_sold": 5143000000.0,
            "operating_income": 2657000000.0,
            "selling_general_and_administrative": 4965000000.0,
            "research_and_development": 344000000.0,
            "operating_expenses": 1061000000.0,
            "investment_income_net": 14000000.0,
            "net_interest_income": -143000000.0,
            "interest_income": null,
            "interest_expense": 143000000.0,
            "non_interest_income": null,
            "other_non_operating_income": -2008000000.0,
            "depreciation": null,
            "depreciation_and_amortization": 283000000.0,
            "income_before_tax": 2035000000.0,
            "income_tax_expense": 627000000.0,
            "interest_and_debt_expense": 143000000.0,
            "net_income_from_continuing_operations": 2035000000.0,
            "comprehensive_income_net_of_tax": -256000000.0,
            "ebit": 2178000000.0,
            "ebitda": 2461000000.0,
            "net_income": 1408000000.0
        },
        {
            "fiscal_date_ending": "2012-09-30",
            "reported_currency": "USD",
            "gross_profit": 11455000000.0,
            "total_revenue": 17052000000.0,
            "cost_of_revenue": 5597000000.0,
            "cost_of_goods_and_services_sold": 5597000000.0,
            "operating_income": 3825000000.0,
            "selling_general_and_administrative": 5228000000.0,
            "research_and_development": 2602000000.0,
            "operating_expenses": 7965000000.0,
            "investment_income_net": 15000000.0,
            "net_interest_income": -135000000.0,
            "interest_income": null,
            "interest_expense": 135000000.0,
            "non_interest_income": null,
            "other_non_operating_income": 90000000.0,
            "depreciation": null,
            "depreciation_and_amortization": 378000000.0,
            "income_before_tax": 3934000000.0,
            "income_tax_expense": 966000000.0,
            "interest_and_debt_expense": 135000000.0,
            "net_income_from_continuing_operations": 2629000000.0,
            "comprehensive_income_net_of_tax": 4247000000.0,
            "ebit": 4069000000.0,
            "ebitda": 4447000000.0,
            "net_income": 2968000000.0
        },
        {
            "fiscal_date_ending": "2012-12-31",
            "reported_currency": "USD",
            "gross_profit": 11555000000.0,
            "total_revenue": 17558000000.0,
            "cost_of_revenue": 13872000000.0,
            "cost_of_goods_and_services_sold": 7054000000.0,
            "operating_income": 3342000000.0,
            "selling_general_and_administrative": 5661000000.0,
            "research_and_development": 59000000.0,
            "operating_expenses": 59000000.0,
            "investment_income_net": 18000000.0,
            "net_interest_income": -107000000.0,
            "interest_income": null,
            "interest_expense": 107000000.0,
            "non_interest_income": null,
            "other_non_operating_income": -319000000.0,
            "depreciation": null,
            "depreciation_and_amortization": 280000000.0,
            "income_before_tax": 3100000000.0,
            "income_tax_expense": 533000000.0,
            "interest_and_debt_expense": 107000000.0,
            "net_income_from_continuing_operations": 3100000000.0,
            "comprehensive_income_net_of_tax": 1682000000.0,
            "ebit": 3207000000.0,
            "ebitda": 3487000000.0,
            "net_income": 2567000000.0
        },
        {
            "fiscal_date_ending": "2013-03-31",
            "reported_currency": "USD",
            "gross_profit": 11951000000.0,
            "total_revenue": 17505000000.0,
            "cost_of_revenue": 5554000000.0,
            "cost_of_goods_and_services_sold": 5554000000.0,
            "operating_income": 4482000000.0,
            "selling_general_and_administrative": 5223000000.0,
            "research_and_development": 1848000000.0,
            "operating_expenses": 7589000000.0,
            "investment_income_net": 21000000.0,
            "net_interest_income": -125000000.0,
            "interest_income": null,
            "interest_expense": 125000000.0,
            "non_interest_income": null,
            "other_non_operating_income": -515000000.0,
            "depreciation": null,
            "depreciation_and_amortization": 335000000.0,
            "income_before_tax": 4261000000.0,
            "income_tax_expense": 764000000.0,
            "interest_and_debt_expense": 125000000.0,
            "net_income_from_continuing_operations": 3497000000.0,
            "comprehensive_income_net_of_tax": 2618000000.0,
            "ebit": 4386000000.0,
            "ebitda": 4721000000.0,
            "net_income": 3497000000.0
        },
        {
            "fiscal_date_ending": "2013-06-30",
            "reported_currency": "USD",
            "gross_profit": 12388000000.0,
            "total_revenue": 17877000000.0,
            "cost_of_revenue": 5489000000.0,
            "cost_of_goods_and_services_sold": 5489000000.0,
            "operating_income": 5020000000.0,
            "selling_general_and_administrative": 5376000000.0,
            "research_and_development": 1946000000.0,
            "operating_expenses": 7440000000.0,
            "investment_income_net": 17000000.0,
            "net_interest_income": -118000000.0,
            "interest_income": null,
            "interest_expense": 118000000.0,
            "non_interest_income": null,
            "other_non_operating_income": -172000000.0,
            "depreciation": null,
            "depreciation_and_amortization": 318000000.0,
            "income_before_tax": 4793000000.0,
            "income_tax_expense": 960000000.0,
            "interest_and_debt_expense": 118000000.0,
            "net_income_from_continuing_operations": 3833000000.0,
            "comprehensive_income_net_of_tax": 3712000000.0,
            "ebit": 4911000000.0,
            "ebitda": 5229000000.0,
            "net_income": 3833000000.0
        },
        {
            "fiscal_date_ending": "2013-09-30",
            "reported_currency": "USD",
            "gross_profit": 12231000000.0,
            "total_revenue": 17575000000.0,
            "cost_of_revenue": 5344000000.0,
            "cost_of_goods_and_services_sold": 5344000000.0,
            "operating_income": 3872000000.0,
            "selling_general_and_administrative": 5314000000.0,
            "research_and_development": 2220000000.0,
            "operating_expenses": 7639000000.0,
            "investment_income_net": 18000000.0,
            "net_interest_income": -105000000.0,
            "interest_income": null,
            "interest_expense": 105000000.0,
            "non_interest_income": null,
            "other_non_operating_income": -943000000.0,
            "depreciation": null,
            "depreciation_and_amortization": 327000000.0,
            "income_before_tax": 3667000000.0,
            "income_tax_expense": 685000000.0,
            "interest_and_debt_expense": 105000000.0,
            "net_income_from_continuing_operations": 2982000000.0,
            "comprehensive_income_net_of_tax": 4446000000.0,
            "ebit": 3772000000.0,
            "ebitda": 4099000000.0,
            "net_income": 2982000000.0
        },
        {
            "fiscal_date_ending": "2013-12-31",
            "reported_currency": "USD",
            "gross_profit": 12400000000.0,
            "total_revenue": 18355000000.0,
            "cost_of_revenue": 13875000000.0,
            "cost_of_goods_and_services_sold": 7083000000.0,
            "operating_income": 3038000000.0,
            "selling_general_and_administrative": 5917000000.0,
            "research_and_development": 294000000.0,
            "operating_expenses": 294000000.0,
            "investment_income_net": 18000000.0,
            "net_interest_income": -134000000.0,
            "interest_income": null,
            "interest_expense": 134000000.0,
            "non_interest_income": null,
            "other_non_operating_income": -868000000.0,
            "depreciation": null,
            "depreciation_and_amortization": 383000000.0,
            "income_before_tax": 2750000000.0,
            "income_tax_expense": -769000000.0,
            "interest_and_debt_expense": 134000000.0,
            "net_income_from_continuing_operations": 2750000000.0,
            "comprehensive_income_net_of_tax": 6005000000.0,
            "ebit": 2884000000.0,
            "ebitda": 3267000000.0,
            "net_income": 3519000000.0
        },
        {
            "fiscal_date_ending": "2014-03-31",
            "reported_currency": "USD",
            "gross_profit": 12660000000.0,
            "total_revenue": 18115000000.0,
            "cost_of_revenue": 5455000000.0,
            "cost_of_goods_and_services_sold": 5455000000.0,
            "operating_income": 5651000000.0,
            "selling_general_and_administrative": 5183000000.0,
            "research_and_development": 1849000000.0,
            "operating_expenses": 7531000000.0,
            "investment_income_net": 18000000.0,
            "net_interest_income": -136000000.0,
            "interest_income": null,
            "interest_expense": 136000000.0,
            "non_interest_income": null,
            "other_non_operating_income": -86000000.0,
            "depreciation": null,
            "depreciation_and_amortization": 351000000.0,
            "income_before_tax": 5424000000.0,
            "income_tax_expense": 697000000.0,
            "interest_and_debt_expense": 136000000.0,
            "net_income_from_continuing_operations": 4727000000.0,
            "comprehensive_income_net_of_tax": 4942000000.0,
            "ebit": 5560000000.0,
            "ebitda": 5911000000.0,
            "net_income": 4727000000.0
        },
        {
            "fiscal_date_ending": "2014-06-30",
            "reported_currency": "USD",
            "gross_profit": 13456000000.0,
            "total_revenue": 19495000000.0,
            "cost_of_revenue": 6039000000.0,
            "cost_of_goods_and_services_sold": 6039000000.0,
            "operating_income": 5875000000.0,
            "selling_general_and_administrative": 5481000000.0,
            "research_and_development": 2009000000.0,
            "operating_expenses": 7618000000.0,
            "investment_income_net": 14000000.0,
            "net_interest_income": -128000000.0,
            "interest_income": null,
            "interest_expense": 128000000.0,
            "non_interest_income": null,
            "other_non_operating_income": -226000000.0,
            "depreciation": null,
            "depreciation_and_amortization": 347000000.0,
            "income_before_tax": 5626000000.0,
            "income_tax_expense": 1300000000.0,
            "interest_and_debt_expense": 128000000.0,
            "net_income_from_continuing_operations": 4326000000.0,
            "comprehensive_income_net_of_tax": 3964000000.0,
            "ebit": 5754000000.0,
            "ebitda": 6101000000.0,
            "net_income": 4326000000.0
        },
        {
            "fiscal_date_ending": "2014-09-30",
            "reported_currency": "USD",
            "gross_profit": 13068000000.0,
            "total_revenue": 18467000000.0,
            "cost_of_revenue": 5399000000.0,
            "cost_of_goods_and_services_sold": 5399000000.0,
            "operating_income": 7053000000.0,
            "selling_general_and_administrative": 5468000000.0,
            "research_and_development": 2023000000.0,
            "operating_expenses": 7621000000.0,
            "investment_income_net": 18000000.0,
            "net_interest_income": -130000000.0,
            "interest_income": null,
            "interest_expense": 130000000.0,
            "non_interest_income": null,
            "other_non_operating_income": 1345000000.0,
            "depreciation": null,
            "depreciation_and_amortization": 335000000.0,
            "income_before_tax": 6810000000.0,
            "income_tax_expense": 2061000000.0,
            "interest_and_debt_expense": 130000000.0,
            "net_income_from_continuing_operations": 4749000000.0,
            "comprehensive_income_net_of_tax": 2374000000.0,
            "ebit": 6940000000.0,
            "ebitda": 7275000000.0,
            "net_income": 4749000000.0
        },
        {
            "fiscal_date_ending": "2014-12-31",
            "reported_currency": "USD",
            "gross_profit": 12401000000.0,
            "total_revenue": 18254000000.0,
            "cost_of_revenue": 325000000.0,
            "cost_of_goods_and_services_sold": 6921000000.0,
            "operating_income": 3012000000.0,
            "selling_general_and_administrative": 5822000000.0,
            "research_and_development": 156000000.0,
            "operating_expenses": 156000000.0,
            "investment_income_net": 17000000.0,
            "net_interest_income": -139000000.0,
            "interest_income": null,
            "interest_expense": 139000000.0,
            "non_interest_income": null,
            "other_non_operating_income": -963000000.0,
            "depreciation": null,
            "depreciation_and_amortization": 365000000.0,
            "income_before_tax": 2703000000.0,
            "income_tax_expense": 182000000.0,
            "interest_and_debt_expense": 139000000.0,
            "net_income_from_continuing_operations": 2703000000.0,
            "comprehensive_income_net_of_tax": -2819000000.0,
            "ebit": 2842000000.0,
            "ebitda": 3207000000.0,
            "net_income": 2521000000.0
        },
        {
            "fiscal_date_ending": "2015-03-31",
            "reported_currency": "USD",
            "gross_profit": 12092000000.0,
            "total_revenue": 17236000000.0,
            "cost_of_revenue": 10441000000.0,
            "cost_of_goods_and_services_sold": 5282000000.0,
            "operating_income": 5827000000.0,
            "selling_general_and_administrative": 4847000000.0,
            "research_and_development": 1899000000.0,
            "operating_expenses": 7175000000.0,
            "investment_income_net": 19000000.0,
            "net_interest_income": -138000000.0,
            "interest_income": null,
            "interest_expense": 138000000.0,
            "non_interest_income": null,
            "other_non_operating_income": 348000000.0,
            "depreciation": null,
            "depreciation_and_amortization": 312000000.0,
            "income_before_tax": 5575000000.0,
            "income_tax_expense": 1255000000.0,
            "interest_and_debt_expense": 138000000.0,
            "net_income_from_continuing_operations": 4320000000.0,
            "comprehensive_income_net_of_tax": 1742000000.0,
            "ebit": 5713000000.0,
            "ebitda": 6025000000.0,
            "net_income": 4320000000.0
        },
        {
            "fiscal_date_ending": "2015-06-30",
            "reported_currency": "USD",
            "gross_profit": 12430000000.0,
            "total_revenue": 17656000000.0,
            "cost_of_revenue": 10741000000.0,
            "cost_of_goods_and_services_sold": 5357000000.0,
            "operating_income": 4917000000.0,
            "selling_general_and_administrative": 5384000000.0,
            "research_and_development": 2129000000.0,
            "operating_expenses": 7513000000.0,
            "investment_income_net": 24000000.0,
            "net_interest_income": -131000000.0,
            "interest_income": null,
            "interest_expense": 131000000.0,
            "non_interest_income": null,
            "other_non_operating_income": 931000000.0,
            "depreciation": null,
            "depreciation_and_amortization": 307000000.0,
            "income_before_tax": 5741000000.0,
            "income_tax_expense": 1225000000.0,
            "interest_and_debt_expense": 131000000.0,
            "net_income_from_continuing_operations": 4516000000.0,
            "comprehensive_income_net_of_tax": 5762000000.0,
            "ebit": 5872000000.0,
            "ebitda": 6179000000.0,
            "net_income": 4516000000.0
        },
        {
            "fiscal_date_ending": "2015-09-30",
            "reported_currency": "USD",
            "gross_profit": 11878000000.0,
            "total_revenue": 16979000000.0,
            "cost_of_revenue": 10305000000.0,
            "cost_of_goods_and_services_sold": 5224000000.0,
            "operating_income": 4633000000.0,
            "selling_general_and_administrative": 5081000000.0,
            "research_and_development": 2164000000.0,
            "operating_expenses": 7245000000.0,
            "investment_income_net": 32000000.0,
            "net_interest_income": -123000000.0,
            "interest_income": null,
            "interest_expense": 123000000.0,
            "non_interest_income": null,
            "other_non_operating_income": -420000000.0,
            "depreciation": null,
            "depreciation_and_amortization": 293000000.0,
            "income_before_tax": 4122000000.0,
            "income_tax_expense": 764000000.0,
            "interest_and_debt_expense": 123000000.0,
            "net_income_from_continuing_operations": 3358000000.0,
            "comprehensive_income_net_of_tax": 2551000000.0,
            "ebit": 4245000000.0,
            "ebitda": 4538000000.0,
            "net_income": 3358000000.0
        },
        {
            "fiscal_date_ending": "2015-12-31",
            "reported_currency": "USD",
            "gross_profit": 12138000000.0,
            "total_revenue": 17811000000.0,
            "cost_of_revenue": 83000000.0,
            "cost_of_goods_and_services_sold": 6669000000.0,
            "operating_income": 11841000000.0,
            "selling_general_and_administrative": 5891000000.0,
            "research_and_development": 214000000.0,
            "operating_expenses": 297000000.0,
            "investment_income_net": 53000000.0,
            "net_interest_income": -160000000.0,
            "interest_income": null,
            "interest_expense": 160000000.0,
            "non_interest_income": null,
            "other_non_operating_income": 1205000000.0,
            "depreciation": null,
            "depreciation_and_amortization": 288000000.0,
            "income_before_tax": 3758000000.0,
            "income_tax_expense": 543000000.0,
            "interest_and_debt_expense": 160000000.0,
            "net_income_from_continuing_operations": 3758000000.0,
            "comprehensive_income_net_of_tax": 3758000000.0,
            "ebit": 3918000000.0,
            "ebitda": 4206000000.0,
            "net_income": 3215000000.0
        },
        {
            "fiscal_date_ending": "2016-03-31",
            "reported_currency": "USD",
            "gross_profit": 12153000000.0,
            "total_revenue": 17482000000.0,
            "cost_of_revenue": 10501000000.0,
            "cost_of_goods_and_services_sold": 5329000000.0,
            "operating_income": 12087000000.0,
            "selling_general_and_administrative": 4688000000.0,
            "research_and_development": 2013000000.0,
            "operating_expenses": 66000000.0,
            "investment_income_net": 83000000.0,
            "net_interest_income": -160000000.0,
            "interest_income": null,
            "interest_expense": 160000000.0,
            "non_interest_income": null,
            "other_non_operating_income": 39000000.0,
            "depreciation": null,
            "depreciation_and_amortization": 282000000.0,
            "income_before_tax": 5294000000.0,
            "income_tax_expense": 837000000.0,
            "interest_and_debt_expense": 160000000.0,
            "net_income_from_continuing_operations": 5294000000.0,
            "comprehensive_income_net_of_tax": 5231000000.0,
            "ebit": 5454000000.0,
            "ebitda": 5736000000.0,
            "net_income": 4457000000.0
        },
        {
            "fiscal_date_ending": "2016-06-30",
            "reported_currency": "USD",
            "gross_profit": 13146000000.0,
            "total_revenue": 18482000000.0,
            "cost_of_revenue": 10626000000.0,
            "cost_of_goods_and_services_sold": 5336000000.0,
            "operating_income": 12546000000.0,
            "selling_general_and_administrative": 5176000000.0,
            "research_and_development": 2293000000.0,
            "operating_expenses": 600000000.0,
            "investment_income_net": 88000000.0,
            "net_interest_income": -190000000.0,
            "interest_income": null,
            "interest_expense": 190000000.0,
            "non_interest_income": null,
            "other_non_operating_income": -557000000.0,
            "depreciation": null,
            "depreciation_and_amortization": 294000000.0,
            "income_before_tax": 4904000000.0,
            "income_tax_expense": 907000000.0,
            "interest_and_debt_expense": 190000000.0,
            "net_income_from_continuing_operations": 4904000000.0,
            "comprehensive_income_net_of_tax": 3681000000.0,
            "ebit": 5094000000.0,
            "ebitda": 5388000000.0,
            "net_income": 3997000000.0
        },
        {
            "fiscal_date_ending": "2016-09-30",
            "reported_currency": "USD",
            "gross_profit": 12334000000.0,
            "total_revenue": 17820000000.0,
            "cost_of_revenue": 10320000000.0,
            "cost_of_goods_and_services_sold": 5486000000.0,
            "operating_income": 12279000000.0,
            "selling_general_and_administrative": 4772000000.0,
            "research_and_development": 2178000000.0,
            "operating_expenses": 55000000.0,
            "investment_income_net": 97000000.0,
            "net_interest_income": -192000000.0,
            "interest_income": null,
            "interest_expense": 192000000.0,
            "non_interest_income": null,
            "other_non_operating_income": 54000000.0,
            "depreciation": null,
            "depreciation_and_amortization": 319000000.0,
            "income_before_tax": 5281000000.0,
            "income_tax_expense": 1009000000.0,
            "interest_and_debt_expense": 192000000.0,
            "net_income_from_continuing_operations": 5281000000.0,
            "comprehensive_income_net_of_tax": 4264000000.0,
            "ebit": 5473000000.0,
            "ebitda": 5792000000.0,
            "net_income": 4272000000.0
        },
        {
            "fiscal_date_ending": "2016-12-31",
            "reported_currency": "USD",
            "gross_profit": 12572000000.0,
            "total_revenue": 18106000000.0,
            "cost_of_revenue": 12413000000.0,
            "cost_of_goods_and_services_sold": 6508000000.0,
            "operating_income": 12476000000.0,
            "selling_general_and_administrative": 5431000000.0,
            "research_and_development": 2640000000.0,
            "operating_expenses": 96000000.0,
            "investment_income_net": 100000000.0,
            "net_interest_income": -184000000.0,
            "interest_income": null,
            "interest_expense": 184000000.0,
            "non_interest_income": null,
            "other_non_operating_income": 254000000.0,
            "depreciation": null,
            "depreciation_and_amortization": 305000000.0,
            "income_before_tax": 4324000000.0,
            "income_tax_expense": 510000000.0,
            "interest_and_debt_expense": 184000000.0,
            "net_income_from_continuing_operations": 4324000000.0,
            "comprehensive_income_net_of_tax": 4324000000.0,
            "ebit": 4508000000.0,
            "ebitda": 4813000000.0,
            "net_income": 3814000000.0
        },
        {
            "fiscal_date_ending": "2017-03-31",
            "reported_currency": "USD",
            "gross_profit": 12357000000.0,
            "total_revenue": 17766000000.0,
            "cost_of_revenue": 10594000000.0,
            "cost_of_goods_and_services_sold": 5409000000.0,
            "operating_income": 12380000000.0,
            "selling_general_and_administrative": 4763000000.0,
            "research_and_development": 2070000000.0,
            "operating_expenses": 7242000000.0,
            "investment_income_net": 121000000.0,
            "net_interest_income": -204000000.0,
            "interest_income": null,
            "interest_expense": 204000000.0,
            "non_interest_income": 17766000000.0,
            "other_non_operating_income": 219000000.0,
            "depreciation": null,
            "depreciation_and_amortization": 300000000.0,
            "income_before_tax": 5575000000.0,
            "income_tax_expense": 1153000000.0,
            "interest_and_debt_expense": 204000000.0,
            "net_income_from_continuing_operations": 5575000000.0,
            "comprehensive_income_net_of_tax": 4801000000.0,
            "ebit": 5779000000.0,
            "ebitda": 6079000000.0,
            "net_income": 4422000000.0
        },
        {
            "fiscal_date_ending": "2017-06-30",
            "reported_currency": "USD",
            "gross_profit": 12993000000.0,
            "total_revenue": 18839000000.0,
            "cost_of_revenue": 11146000000.0,
            "cost_of_goods_and_services_sold": 5846000000.0,
            "operating_income": 12523000000.0,
            "selling_general_and_administrative": 5289000000.0,
            "research_and_development": 2296000000.0,
            "operating_expenses": 493000000.0,
            "investment_income_net": 105000000.0,
            "net_interest_income": -227000000.0,
            "interest_income": null,
            "interest_expense": 227000000.0,
            "non_interest_income": 18839000000.0,
            "other_non_operating_income": -527000000.0,
            "depreciation": null,
            "depreciation_and_amortization": 500000000.0,
            "income_before_tax": 4748000000.0,
            "income_tax_expense": 921000000.0,
            "interest_and_debt_expense": 227000000.0,
            "net_income_from_continuing_operations": 4748000000.0,
            "comprehensive_income_net_of_tax": 5115000000.0,
            "ebit": 4975000000.0,
            "ebitda": 5475000000.0,
            "net_income": 3827000000.0
        },
        {
            "fiscal_date_ending": "2017-09-30",
            "reported_currency": "USD",
            "gross_profit": 12725000000.0,
            "total_revenue": 19650000000.0,
            "cost_of_revenue": 12417000000.0,
            "cost_of_goods_and_services_sold": 6925000000.0,
            "operating_income": 12630000000.0,
            "selling_general_and_administrative": 5423000000.0,
            "research_and_development": 2585000000.0,
            "operating_expenses": 118000000.0,
            "investment_income_net": 74000000.0,
            "net_interest_income": -229000000.0,
            "interest_income": null,
            "interest_expense": 229000000.0,
            "non_interest_income": 19650000000.0,
            "other_non_operating_income": 297000000.0,
            "depreciation": null,
            "depreciation_and_amortization": 1100000000.0,
            "income_before_tax": 4790000000.0,
            "income_tax_expense": 1026000000.0,
            "interest_and_debt_expense": 229000000.0,
            "net_income_from_continuing_operations": 4790000000.0,
            "comprehensive_income_net_of_tax": 4251000000.0,
            "ebit": 5019000000.0,
            "ebitda": 6119000000.0,
            "net_income": 3764000000.0
        },
        {
            "fiscal_date_ending": "2017-12-31",
            "reported_currency": "USD",
            "gross_profit": 12936000000.0,
            "total_revenue": 20195000000.0,
            "cost_of_revenue": 217000000.0,
            "cost_of_goods_and_services_sold": 7259000000.0,
            "operating_income": 11682000000.0,
            "selling_general_and_administrative": 6045000000.0,
            "research_and_development": 408000000.0,
            "operating_expenses": 1270000000.0,
            "investment_income_net": 85000000.0,
            "net_interest_income": -274000000.0,
            "interest_income": null,
            "interest_expense": 274000000.0,
            "non_interest_income": 20195000000.0,
            "other_non_operating_income": 53000000.0,
            "depreciation": null,
            "depreciation_and_amortization": 1100000000.0,
            "income_before_tax": 2560000000.0,
            "income_tax_expense": 13273000000.0,
            "interest_and_debt_expense": 274000000.0,
            "net_income_from_continuing_operations": 2560000000.0,
            "comprehensive_income_net_of_tax": 2560000000.0,
            "ebit": 2834000000.0,
            "ebitda": 3934000000.0,
            "net_income": -10713000000.0
        },
        {
            "fiscal_date_ending": "2018-03-31",
            "reported_currency": "USD",
            "gross_profit": 13395000000.0,
            "total_revenue": 20009000000.0,
            "cost_of_revenue": 13019000000.0,
            "cost_of_goods_and_services_sold": 6614000000.0,
            "operating_income": 13395000000.0,
            "selling_general_and_administrative": 5263000000.0,
            "research_and_development": 2404000000.0,
            "operating_expenses": 8789000000.0,
            "investment_income_net": 114000000.0,
            "net_interest_income": -259000000.0,
            "interest_income": null,
            "interest_expense": 259000000.0,
            "non_interest_income": 20009000000.0,
            "other_non_operating_income": -60000000.0,
            "depreciation": null,
            "depreciation_and_amortization": 1100000000.0,
            "income_before_tax": 5481000000.0,
            "income_tax_expense": 1114000000.0,
            "interest_and_debt_expense": 259000000.0,
            "net_income_from_continuing_operations": 5481000000.0,
            "comprehensive_income_net_of_tax": 5190000000.0,
            "ebit": 5740000000.0,
            "ebitda": 6840000000.0,
            "net_income": 4367000000.0
        },
        {
            "fiscal_date_ending": "2018-06-30",
            "reported_currency": "USD",
            "gross_profit": 13903000000.0,
            "total_revenue": 20830000000.0,
            "cost_of_revenue": 176000000.0,
            "cost_of_goods_and_services_sold": 6927000000.0,
            "operating_income": 13024000000.0,
            "selling_general_and_administrative": 5743000000.0,
            "research_and_development": 2639000000.0,
            "operating_expenses": 879000000.0,
            "investment_income_net": 126000000.0,
            "net_interest_income": -253000000.0,
            "interest_income": null,
            "interest_expense": 253000000.0,
            "non_interest_income": 20830000000.0,
            "other_non_operating_income": -364000000.0,
            "depreciation": null,
            "depreciation_and_amortization": 1100000000.0,
            "income_before_tax": 4973000000.0,
            "income_tax_expense": 1019000000.0,
            "interest_and_debt_expense": 253000000.0,
            "net_income_from_continuing_operations": 4973000000.0,
            "comprehensive_income_net_of_tax": 1785000000.0,
            "ebit": 5226000000.0,
            "ebitda": 6326000000.0,
            "net_income": 3954000000.0
        },
        {
            "fiscal_date_ending": "2018-09-30",
            "reported_currency": "USD",
            "gross_profit": 13759000000.0,
            "total_revenue": 20105000000.0,
            "cost_of_revenue": 12220000000.0,
            "cost_of_goods_and_services_sold": 6589000000.0,
            "operating_income": 4494000000.0,
            "selling_general_and_administrative": 5543000000.0,
            "research_and_development": 3634000000.0,
            "operating_expenses": 9265000000.0,
            "investment_income_net": 175000000.0,
            "net_interest_income": -243000000.0,
            "interest_income": null,
            "interest_expense": 243000000.0,
            "non_interest_income": 20348000000.0,
            "other_non_operating_income": -3000000.0,
            "depreciation": null,
            "depreciation_and_amortization": 1100000000.0,
            "income_before_tax": 4423000000.0,
            "income_tax_expense": 489000000.0,
            "interest_and_debt_expense": 243000000.0,
            "net_income_from_continuing_operations": 3934000000.0,
            "comprehensive_income_net_of_tax": 4064000000.0,
            "ebit": 4666000000.0,
            "ebitda": 5766000000.0,
            "net_income": 3934000000.0
        },
        {
            "fiscal_date_ending": "2018-12-31",
            "reported_currency": "USD",
            "gross_profit": 13433000000.0,
            "total_revenue": 20394000000.0,
            "cost_of_revenue": 227000000.0,
            "cost_of_goods_and_services_sold": 6961000000.0,
            "operating_income": 11918000000.0,
            "selling_general_and_administrative": 5991000000.0,
            "research_and_development": 3224000000.0,
            "operating_expenses": 1515000000.0,
            "investment_income_net": 196000000.0,
            "net_interest_income": -250000000.0,
            "interest_income": null,
            "interest_expense": 250000000.0,
            "non_interest_income": 20394000000.0,
            "other_non_operating_income": -978000000.0,
            "depreciation": null,
            "depreciation_and_amortization": 1100000000.0,
            "income_before_tax": 3122000000.0,
            "income_tax_expense": 80000000.0,
            "interest_and_debt_expense": 250000000.0,
            "net_income_from_continuing_operations": 1222000000.0,
            "comprehensive_income_net_of_tax": 1222000000.0,
            "ebit": 3372000000.0,
            "ebitda": 4472000000.0,
            "net_income": 3042000000.0
        },
        {
            "fiscal_date_ending": "2019-03-31",
            "reported_currency": "USD",
            "gross_profit": 13406000000.0,
            "total_revenue": 19919000000.0,
            "cost_of_revenue": 13883000000.0,
            "cost_of_goods_and_services_sold": 6615000000.0,
            "operating_income": 2393000000.0,
            "selling_general_and_administrative": 5219000000.0,
            "research_and_development": 3748000000.0,
            "operating_expenses": 11013000000.0,
            "investment_income_net": 99000000.0,
            "net_interest_income": -102000000.0,
            "interest_income": 99000000.0,
            "interest_expense": 102000000.0,
            "non_interest_income": 20021000000.0,
            "other_non_operating_income": 22000000.0,
            "depreciation": null,
            "depreciation_and_amortization": 1100000000.0,
            "income_before_tax": 4422000000.0,
            "income_tax_expense": 673000000.0,
            "interest_and_debt_expense": 102000000.0,
            "net_income_from_continuing_operations": 3749000000.0,
            "comprehensive_income_net_of_tax": 3454000000.0,
            "ebit": 4524000000.0,
            "ebitda": 5624000000.0,
            "net_income": 3749000000.0
        },
        {
            "fiscal_date_ending": "2019-06-30",
            "reported_currency": "USD",
            "gross_profit": 13622000000.0,
            "total_revenue": 20479000000.0,
            "cost_of_revenue": 13643000000.0,
            "cost_of_goods_and_services_sold": 6940000000.0,
            "operating_income": 4253000000.0,
            "selling_general_and_administrative": 5546000000.0,
            "research_and_development": 2666000000.0,
            "operating_expenses": 9369000000.0,
            "investment_income_net": 88000000.0,
            "net_interest_income": -83000000.0,
            "interest_income": 88000000.0,
            "interest_expense": 83000000.0,
            "non_interest_income": 20562000000.0,
            "other_non_operating_income": 1683000000.0,
            "depreciation": null,
            "depreciation_and_amortization": 1100000000.0,
            "income_before_tax": 7041000000.0,
            "income_tax_expense": 1434000000.0,
            "interest_and_debt_expense": 83000000.0,
            "net_income_from_continuing_operations": 5607000000.0,
            "comprehensive_income_net_of_tax": 6155000000.0,
            "ebit": 7124000000.0,
            "ebitda": 8224000000.0,
            "net_income": 5607000000.0
        },
        {
            "fiscal_date_ending": "2019-09-30",
            "reported_currency": "USD",
            "gross_profit": 13862000000.0,
            "total_revenue": 20681000000.0,
            "cost_of_revenue": 13410000000.0,
            "cost_of_goods_and_services_sold": 6867000000.0,
            "operating_income": 4720000000.0,
            "selling_general_and_administrative": 5374000000.0,
            "research_and_development": 2599000000.0,
            "operating_expenses": 9142000000.0,
            "investment_income_net": 89000000.0,
            "net_interest_income": -48000000.0,
            "interest_income": 89000000.0,
            "interest_expense": 48000000.0,
            "non_interest_income": 20729000000.0,
            "other_non_operating_income": -4214000000.0,
            "depreciation": null,
            "depreciation_and_amortization": 1100000000.0,
            "income_before_tax": 1647000000.0,
            "income_tax_expense": -106000000.0,
            "interest_and_debt_expense": 48000000.0,
            "net_income_from_continuing_operations": 1753000000.0,
            "comprehensive_income_net_of_tax": 1189000000.0,
            "ebit": 1695000000.0,
            "ebitda": 2795000000.0,
            "net_income": 1753000000.0
        },
        {
            "fiscal_date_ending": "2019-12-31",
            "reported_currency": "USD",
            "gross_profit": 13613000000.0,
            "total_revenue": 20747000000.0,
            "cost_of_revenue": 341000000.0,
            "cost_of_goods_and_services_sold": 7134000000.0,
            "operating_income": 13008000000.0,
            "selling_general_and_administrative": 6039000000.0,
            "research_and_development": 3232000000.0,
            "operating_expenses": 605000000.0,
            "investment_income_net": 81000000.0,
            "net_interest_income": -85000000.0,
            "interest_income": 81000000.0,
            "interest_expense": 85000000.0,
            "non_interest_income": 20747000000.0,
            "other_non_operating_income": -16000000.0,
            "depreciation": null,
            "depreciation_and_amortization": 1200000000.0,
            "income_before_tax": 4218000000.0,
            "income_tax_expense": 208000000.0,
            "interest_and_debt_expense": 85000000.0,
            "net_income_from_continuing_operations": 4218000000.0,
            "comprehensive_income_net_of_tax": 4218000000.0,
            "ebit": 4303000000.0,
            "ebitda": 5503000000.0,
            "net_income": 4010000000.0
        },
        {
            "fiscal_date_ending": "2020-03-31",
            "reported_currency": "USD",
            "gross_profit": 13629000000.0,
            "total_revenue": 20666000000.0,
            "cost_of_revenue": 13434000000.0,
            "cost_of_goods_and_services_sold": 7062000000.0,
            "operating_income": 4655000000.0,
            "selling_general_and_administrative": 5203000000.0,
            "research_and_development": 2580000000.0,
            "operating_expenses": 8974000000.0,
            "investment_income_net": 67000000.0,
            "net_interest_income": -25000000.0,
            "interest_income": 67000000.0,
            "interest_expense": 25000000.0,
            "non_interest_income": 20691000000.0,
            "other_non_operating_income": 679000000.0,
            "depreciation": null,
            "depreciation_and_amortization": 1100000000.0,
            "income_before_tax": 6509000000.0,
            "income_tax_expense": 713000000.0,
            "interest_and_debt_expense": 25000000.0,
            "net_income_from_continuing_operations": 5796000000.0,
            "comprehensive_income_net_of_tax": 5444000000.0,
            "ebit": 6534000000.0,
            "ebitda": 7634000000.0,
            "net_income": 5796000000.0
        },
        {
            "fiscal_date_ending": "2020-06-30",
            "reported_currency": "USD",
            "gross_profit": 11757000000.0,
            "total_revenue": 18291000000.0,
            "cost_of_revenue": 12733000000.0,
            "cost_of_goods_and_services_sold": 6579000000.0,
            "operating_income": 2890000000.0,
            "selling_general_and_administrative": 4993000000.0,
            "research_and_development": 2713000000.0,
            "operating_expenses": 8867000000.0,
            "investment_income_net": 19000000.0,
            "net_interest_income": -45000000.0,
            "interest_income": 19000000.0,
            "interest_expense": 45000000.0,
            "non_interest_income": 18336000000.0,
            "other_non_operating_income": -24000000.0,
            "depreciation": null,
            "depreciation_and_amortization": 1100000000.0,
            "income_before_tax": 3940000000.0,
            "income_tax_expense": 314000000.0,
            "interest_and_debt_expense": 45000000.0,
            "net_income_from_continuing_operations": 3626000000.0,
            "comprehensive_income_net_of_tax": 4336000000.0,
            "ebit": 3985000000.0,
            "ebitda": 5085000000.0,
            "net_income": 3626000000.0
        },
        {
            "fiscal_date_ending": "2020-09-30",
            "reported_currency": "USD",
            "gross_profit": 14110000000.0,
            "total_revenue": 21038000000.0,
            "cost_of_revenue": 13671000000.0,
            "cost_of_goods_and_services_sold": 6972000000.0,
            "operating_income": 4433000000.0,
            "selling_general_and_administrative": 5431000000.0,
            "research_and_development": 2978000000.0,
            "operating_expenses": 9677000000.0,
            "investment_income_net": 12000000.0,
            "net_interest_income": -44000000.0,
            "interest_income": 12000000.0,
            "interest_expense": 44000000.0,
            "non_interest_income": 21082000000.0,
            "other_non_operating_income": -1200000000.0,
            "depreciation": null,
            "depreciation_and_amortization": 1200000000.0,
            "income_before_tax": 4401000000.0,
            "income_tax_expense": 847000000.0,
            "interest_and_debt_expense": 44000000.0,
            "net_income_from_continuing_operations": 3554000000.0,
            "comprehensive_income_net_of_tax": 4149000000.0,
            "ebit": 4445000000.0,
            "ebitda": 5645000000.0,
            "net_income": 3554000000.0
        },
        {
            "fiscal_date_ending": "2020-12-31",
            "reported_currency": "USD",
            "gross_profit": 14661000000.0,
            "total_revenue": 22179000000.0,
            "cost_of_revenue": 15666000000.0,
            "cost_of_goods_and_services_sold": 7814000000.0,
            "operating_income": 2751000000.0,
            "selling_general_and_administrative": 6457000000.0,
            "research_and_development": 4069000000.0,
            "operating_expenses": 11910000000.0,
            "investment_income_net": 13000000.0,
            "net_interest_income": -87000000.0,
            "interest_income": 13000000.0,
            "interest_expense": 87000000.0,
            "non_interest_income": 22266000000.0,
            "other_non_operating_income": -2354000000.0,
            "depreciation": null,
            "depreciation_and_amortization": 1300000000.0,
            "income_before_tax": 1647000000.0,
            "income_tax_expense": -91000000.0,
            "interest_and_debt_expense": 87000000.0,
            "net_income_from_continuing_operations": 1738000000.0,
            "comprehensive_income_net_of_tax": 1434000000.0,
            "ebit": 1734000000.0,
            "ebitda": 3034000000.0,
            "net_income": 1738000000.0
        },
        {
            "fiscal_date_ending": "2021-03-31",
            "reported_currency": "USD",
            "gross_profit": 15258000000.0,
            "total_revenue": 22258000000.0,
            "cost_of_revenue": 13762000000.0,
            "cost_of_goods_and_services_sold": 7063000000.0,
            "operating_income": 5394000000.0,
            "selling_general_and_administrative": 5432000000.0,
            "research_and_development": 3178000000.0,
            "operating_expenses": 9864000000.0,
            "investment_income_net": 15000000.0,
            "net_interest_income": -63000000.0,
            "interest_income": 15000000.0,
            "interest_expense": 63000000.0,
            "non_interest_income": 22321000000.0,
            "other_non_operating_income": 882000000.0,
            "depreciation": null,
            "depreciation_and_amortization": 1200000000.0,
            "income_before_tax": 7429000000.0,
            "income_tax_expense": 1232000000.0,
            "interest_and_debt_expense": 63000000.0,
            "net_income_from_continuing_operations": 6197000000.0,
            "comprehensive_income_net_of_tax": 6111000000.0,
            "ebit": 7492000000.0,
            "ebitda": 8692000000.0,
            "net_income": 6197000000.0
        },
        {
            "fiscal_date_ending": "2021-06-30",
            "reported_currency": "USD",
            "gross_profit": 15725000000.0,
            "total_revenue": 23272000000.0,
            "cost_of_revenue": 14916000000.0,
            "cost_of_goods_and_services_sold": 7587000000.0,
            "operating_income": 5002000000.0,
            "selling_general_and_administrative": 6073000000.0,
            "research_and_development": 3394000000.0,
            "operating_expenses": 10723000000.0,
            "investment_income_net": 12000000.0,
            "net_interest_income": -40000000.0,
            "interest_income": 12000000.0,
            "interest_expense": 40000000.0,
            "non_interest_income": 23312000000.0,
            "other_non_operating_income": 488000000.0,
            "depreciation": null,
            "depreciation_and_amortization": 1200000000.0,
            "income_before_tax": 6662000000.0,
            "income_tax_expense": 384000000.0,
            "interest_and_debt_expense": 40000000.0,
            "net_income_from_continuing_operations": 6278000000.0,
            "comprehensive_income_net_of_tax": 6506000000.0,
            "ebit": 6702000000.0,
            "ebitda": 7902000000.0,
            "net_income": 6278000000.0
        },
        {
            "fiscal_date_ending": "2021-09-30",
            "reported_currency": "USD",
            "gross_profit": 16088000000.0,
            "total_revenue": 23318000000.0,
            "cost_of_revenue": 14410000000.0,
            "cost_of_goods_and_services_sold": 7250000000.0,
            "operating_income": 4606000000.0,
            "selling_general_and_administrative": 6000000000.0,
            "research_and_development": 4322000000.0,
            "operating_expenses": 11482000000.0,
            "investment_income_net": 13000000.0,
            "net_interest_income": -20000000.0,
            "interest_income": 13000000.0,
            "interest_expense": 20000000.0,
            "non_interest_income": 23338000000.0,
            "other_non_operating_income": -1850000000.0,
            "depreciation": null,
            "depreciation_and_amortization": 1100000000.0,
            "income_before_tax": 3849000000.0,
            "income_tax_expense": 182000000.0,
            "interest_and_debt_expense": 20000000.0,
            "net_income_from_continuing_operations": 3667000000.0,
            "comprehensive_income_net_of_tax": 3352000000.0,
            "ebit": 3869000000.0,
            "ebitda": 4969000000.0,
            "net_income": 3667000000.0
        },
        {
            "fiscal_date_ending": "2021-12-31",
            "reported_currency": "USD",
            "gross_profit": 16849000000.0,
            "total_revenue": 24508000000.0,
            "cost_of_revenue": 16317000000.0,
            "cost_of_goods_and_services_sold": 7955000000.0,
            "operating_income": 3755000000.0,
            "selling_general_and_administrative": 7154000000.0,
            "research_and_development": 4720000000.0,
            "operating_expenses": 13094000000.0,
            "investment_income_net": 13000000.0,
            "net_interest_income": -60000000.0,
            "interest_income": 13000000.0,
            "interest_expense": 60000000.0,
            "non_interest_income": 24568000000.0,
            "other_non_operating_income": -9000000.0,
            "depreciation": null,
            "depreciation_and_amortization": 1100000000.0,
            "income_before_tax": 4836000000.0,
            "income_tax_expense": 100000000.0,
            "interest_and_debt_expense": 60000000.0,
            "net_income_from_continuing_operations": 4736000000.0,
            "comprehensive_income_net_of_tax": 7093000000.0,
            "ebit": 4896000000.0,
            "ebitda": 5996000000.0,
            "net_income": 4736000000.0
        },
        {
            "fiscal_date_ending": "2022-03-31",
            "reported_currency": "USD",
            "gross_profit": 15828000000.0,
            "total_revenue": 23416000000.0,
            "cost_of_revenue": 15316000000.0,
            "cost_of_goods_and_services_sold": 7598000000.0,
            "operating_income": 4032000000.0,
            "selling_general_and_administrative": 5938000000.0,
            "research_and_development": 4072000000.0,
            "operating_expenses": 11796000000.0,
            "investment_income_net": 22000000.0,
            "net_interest_income": -10000000.0,
            "interest_income": 22000000.0,
            "interest_expense": 10000000.0,
            "non_interest_income": 23426000000.0,
            "other_non_operating_income": 102000000.0,
            "depreciation": null,
            "depreciation_and_amortization": 1100000000.0,
            "income_before_tax": 5862000000.0,
            "income_tax_expense": 713000000.0,
            "interest_and_debt_expense": 10000000.0,
            "net_income_from_continuing_operations": 5149000000.0,
            "comprehensive_income_net_of_tax": 4450000000.0,
            "ebit": 5872000000.0,
            "ebitda": 6972000000.0,
            "net_income": 5149000000.0
        },
        {
            "fiscal_date_ending": "2022-06-30",
            "reported_currency": "USD",
            "gross_profit": 16101000000.0,
            "total_revenue": 23982000000.0,
            "cost_of_revenue": 15330000000.0,
            "cost_of_goods_and_services_sold": 7919000000.0,
            "operating_income": 4987000000.0,
            "selling_general_and_administrative": 6226000000.0,
            "research_and_development": 3703000000.0,
            "operating_expenses": 11114000000.0,
            "investment_income_net": 64000000.0,
            "net_interest_income": -38000000.0,
            "interest_income": 64000000.0,
            "interest_expense": 38000000.0,
            "non_interest_income": 24020000000.0,
            "other_non_operating_income": -273000000.0,
            "depreciation": null,
            "depreciation_and_amortization": 1100000000.0,
            "income_before_tax": 5840000000.0,
            "income_tax_expense": 1026000000.0,
            "interest_and_debt_expense": 38000000.0,
            "net_income_from_continuing_operations": 4814000000.0,
            "comprehensive_income_net_of_tax": 4728000000.0,
            "ebit": 5878000000.0,
            "ebitda": 6978000000.0,
            "net_income": 4814000000.0
        },
        {
            "fiscal_date_ending": "2022-09-30",
            "reported_currency": "USD",
            "gross_profit": 13824000000.0,
            "total_revenue": 19945000000.0,
            "cost_of_revenue": 12212000000.0,
            "cost_of_goods_and_services_sold": 6172000000.0,
            "operating_income": 4299000000.0,
            "selling_general_and_administrative": 4975000000.0,
            "research_and_development": 3485000000.0,
            "operating_expenses": 9525000000.0,
            "investment_income_net": 150000000.0,
            "net_interest_income": -51000000.0,
            "interest_income": 150000000.0,
            "interest_expense": 51000000.0,
            "non_interest_income": 19996000000.0,
            "other_non_operating_income": -226000000.0,
            "depreciation": null,
            "depreciation_and_amortization": 1000000000.0,
            "income_before_tax": 5320000000.0,
            "income_tax_expense": 862000000.0,
            "interest_and_debt_expense": 51000000.0,
            "net_income_from_continuing_operations": 4310000000.0,
            "comprehensive_income_net_of_tax": 3009000000.0,
            "ebit": 5371000000.0,
            "ebitda": 6371000000.0,
            "net_income": 4458000000.0
        },
        {
            "fiscal_date_ending": "2022-12-31",
            "reported_currency": "USD",
            "gross_profit": 13855000000.0,
            "total_revenue": 19939000000.0,
            "cost_of_revenue": 13127000000.0,
            "cost_of_goods_and_services_sold": 12577000000.0,
            "operating_income": 13855000000.0,
            "selling_general_and_administrative": 9858000000.0,
            "research_and_development": -10425000000.0,
            "operating_expenses": -3385000000.0,
            "investment_income_net": 254000000.0,
            "net_interest_income": -177000000.0,
            "interest_income": 254000000.0,
            "interest_expense": 177000000.0,
            "non_interest_income": 19939000000.0,
            "other_non_operating_income": -1856000000.0,
            "depreciation": null,
            "depreciation_and_amortization": 900000000.0,
            "income_before_tax": 4928000000.0,
            "income_tax_expense": 1408000000.0,
            "interest_and_debt_expense": 177000000.0,
            "net_income_from_continuing_operations": 3227000000.0,
            "comprehensive_income_net_of_tax": 3840000000.0,
            "ebit": 5105000000.0,
            "ebitda": 5210000000.0,
            "net_income": 3520000000.0
        },
        {
            "fiscal_date_ending": "2023-03-31",
            "reported_currency": "USD",
            "gross_profit": 14207000000.0,
            "total_revenue": 20894000000.0,
            "cost_of_revenue": 300000000.0,
            "cost_of_goods_and_services_sold": 6687000000.0,
            "operating_income": -600000000.0,
            "selling_general_and_administrative": 4906000000.0,
            "research_and_development": 3455000000.0,
            "operating_expenses": 300000000.0,
            "investment_income_net": 198000000.0,
            "net_interest_income": -212000000.0,
            "interest_income": 235000000.0,
            "interest_expense": 212000000.0,
            "non_interest_income": 20894000000.0,
            "other_non_operating_income": -6940000000.0,
            "depreciation": null,
            "depreciation_and_amortization": 1100000000.0,
            "income_before_tax": -737000000.0,
            "income_tax_expense": -796000000.0,
            "interest_and_debt_expense": 212000000.0,
            "net_income_from_continuing_operations": -491000000.0,
            "comprehensive_income_net_of_tax": 273000000.0,
            "ebit": -522000000.0,
            "ebitda": 678000000.0,
            "net_income": -68000000.0
        },
        {
            "fiscal_date_ending": "2023-06-30",
            "reported_currency": "USD",
            "gross_profit": 15057000000.0,
            "total_revenue": 25184000000.0,
            "cost_of_revenue": 16222000000.0,
            "cost_of_goods_and_services_sold": 6462000000.0,
            "operating_income": 5479000000.0,
            "selling_general_and_administrative": 5396000000.0,
            "research_and_development": 3829000000.0,
            "operating_expenses": 11839000000.0,
            "investment_income_net": 369000000.0,
            "net_interest_income": -346000000.0,
            "interest_income": 369000000.0,
            "interest_expense": 346000000.0,
            "non_interest_income": 25530000000.0,
            "other_non_operating_income": 384000000.0,
            "depreciation": null,
            "depreciation_and_amortization": 1200000000.0,
            "income_before_tax": 6762000000.0,
            "income_tax_expense": 930000000.0,
            "interest_and_debt_expense": 346000000.0,
            "net_income_from_continuing_operations": 5376000000.0,
            "comprehensive_income_net_of_tax": 4087000000.0,
            "ebit": 7108000000.0,
            "ebitda": 8308000000.0,
            "net_income": 5144000000.0
        },
        {
            "fiscal_date_ending": "2023-09-30",
            "reported_currency": "USD",
            "gross_profit": 14745000000.0,
            "total_revenue": 21159000000.0,
            "cost_of_revenue": 13264000000.0,
            "cost_of_goods_and_services_sold": 6606000000.0,
            "operating_income": 4640000000.0,
            "selling_general_and_administrative": 5400000000.0,
            "research_and_development": 3447000000.0,
            "operating_expenses": 10105000000.0,
            "investment_income_net": 374000000.0,
            "net_interest_income": -192000000.0,
            "interest_income": 374000000.0,
            "interest_expense": 192000000.0,
            "non_interest_income": 21351000000.0,
            "other_non_operating_income": -499000000.0,
            "depreciation": null,
            "depreciation_and_amortization": 1100000000.0,
            "income_before_tax": 26936000000.0,
            "income_tax_expense": 908000000.0,
            "interest_and_debt_expense": 192000000.0,
            "net_income_from_continuing_operations": 4309000000.0,
            "comprehensive_income_net_of_tax": 25750000000.0,
            "ebit": 27128000000.0,
            "ebitda": 28228000000.0,
            "net_income": 26028000000.0
        },
        {
            "fiscal_date_ending": "2023-12-31",
            "reported_currency": "USD",
            "gross_profit": 14597000000.0,
            "total_revenue": 21395000000.0,
            "cost_of_revenue": 14139000000.0,
            "cost_of_goods_and_services_sold": 6798000000.0,
            "operating_income": 14597000000.0,
            "selling_general_and_administrative": 5810000000.0,
            "research_and_development": -10122000000.0,
            "operating_expenses": -2881000000.0,
            "investment_income_net": 363000000.0,
            "net_interest_income": -151000000.0,
            "interest_income": 363000000.0,
            "interest_expense": 151000000.0,
            "non_interest_income": 21395000000.0,
            "other_non_operating_income": 421000000.0,
            "depreciation": null,
            "depreciation_and_amortization": 1100000000.0,
            "income_before_tax": 4743000000.0,
            "income_tax_expense": 694000000.0,
            "interest_and_debt_expense": 151000000.0,
            "net_income_from_continuing_operations": 4132000000.0,
            "comprehensive_income_net_of_tax": 4826000000.0,
            "ebit": 4894000000.0,
            "ebitda": 5994000000.0,
            "net_income": 4049000000.0
        },
        {
            "fiscal_date_ending": "2024-03-31",
            "reported_currency": "USD",
            "gross_profit": 14872000000.0,
            "total_revenue": 21228000000.0,
            "cost_of_revenue": 13217000000.0,
            "cost_of_goods_and_services_sold": 6511000000.0,
            "operating_income": 4624000000.0,
            "selling_general_and_administrative": 5257000000.0,
            "research_and_development": 3542000000.0,
            "operating_expenses": 10248000000.0,
            "investment_income_net": 364000000.0,
            "net_interest_income": -155000000.0,
            "interest_income": 364000000.0,
            "interest_expense": 155000000.0,
            "non_interest_income": 21383000000.0,
            "other_non_operating_income": -2404000000.0,
            "depreciation": null,
            "depreciation_and_amortization": 1100000000.0,
            "income_before_tax": 3714000000.0,
            "income_tax_expense": 459000000.0,
            "interest_and_debt_expense": 155000000.0,
            "net_income_from_continuing_operations": 3255000000.0,
            "comprehensive_income_net_of_tax": 5014000000.0,
            "ebit": 3869000000.0,
            "ebitda": 4969000000.0,
            "net_income": 3255000000.0
        },
        {
            "fiscal_date_ending": "2024-06-30",
            "reported_currency": "USD",
            "gross_profit": 15578000000.0,
            "total_revenue": 22447000000.0,
            "cost_of_revenue": 13637000000.0,
            "cost_of_goods_and_services_sold": 6869000000.0,
            "operating_income": 5370000000.0,
            "selling_general_and_administrative": 5681000000.0,
            "research_and_development": 3440000000.0,
            "operating_expenses": 10208000000.0,
            "investment_income_net": 395000000.0,
            "net_interest_income": 125000000.0,
            "interest_income": 395000000.0,
            "interest_expense": 270000000.0,
            "non_interest_income": 22447000000.0,
            "other_non_operating_income": -653000000.0,
            "depreciation": null,
            "depreciation_and_amortization": 1100000000.0,
            "income_before_tax": 5748000000.0,
            "income_tax_expense": 1062000000.0,
            "interest_and_debt_expense": 270000000.0,
            "net_income_from_continuing_operations": 4686000000.0,
            "comprehensive_income_net_of_tax": 4201000000.0,
            "ebit": 5370000000.0,
            "ebitda": 6470000000.0,
            "net_income": 4686000000.0
        },
        {
            "fiscal_date_ending": "2024-09-30",
            "reported_currency": "USD",
            "gross_profit": 15508000000.0,
            "total_revenue": 22471000000.0,
            "cost_of_revenue": 13682000000.0,
            "cost_of_goods_and_services_sold": 6963000000.0,
            "operating_income": 3837000000.0,
            "selling_general_and_administrative": 5478000000.0,
            "research_and_development": 4952000000.0,
            "operating_expenses": 11671000000.0,
            "investment_income_net": 292000000.0,
            "net_interest_income": 99000000.0,
            "interest_income": 292000000.0,
            "interest_expense": 193000000.0,
            "non_interest_income": 22471000000.0,
            "other_non_operating_income": -1798000000.0,
            "depreciation": null,
            "depreciation_and_amortization": 1200000000.0,
            "income_before_tax": 3338000000.0,
            "income_tax_expense": 644000000.0,
            "interest_and_debt_expense": 193000000.0,
            "net_income_from_continuing_operations": 2694000000.0,
            "comprehensive_income_net_of_tax": 1425000000.0,
            "ebit": 3837000000.0,
            "ebitda": 5037000000.0,
            "net_income": 2694000000.0
        },
        {
            "fiscal_date_ending": "2024-12-31",
            "reported_currency": "USD",
            "gross_profit": 15392000000.0,
            "total_revenue": 22306000000.0,
            "cost_of_revenue": 14749000000.0,
            "cost_of_goods_and_services_sold": 7128000000.0,
            "operating_income": 17842000000.0,
            "selling_general_and_administrative": 6453000000.0,
            "research_and_development": -10093000000.0,
            "operating_expenses": -2450000000.0,
            "investment_income_net": 281000000.0,
            "net_interest_income": 144000000.0,
            "interest_income": 281000000.0,
            "interest_expense": 137000000.0,
            "non_interest_income": 22306000000.0,
            "other_non_operating_income": 161000000.0,
            "depreciation": null,
            "depreciation_and_amortization": 1100000000.0,
            "income_before_tax": 3887000000.0,
            "income_tax_expense": 456000000.0,
            "interest_and_debt_expense": 137000000.0,
            "net_income_from_continuing_operations": 3431000000.0,
            "comprehensive_income_net_of_tax": 4212000000.0,
            "ebit": 17842000000.0,
            "ebitda": 18942000000.0,
            "net_income": 3431000000.0
        }
    ],
    "total_quarters": 64,
    "date_range": {
        "start": "2009-03-31",
        "end": "2024-12-31"
    }
}