{
    "symbol": "JPM",
    "quarterly_reports": [
        {
            "fiscal_date_ending": "2008-06-30",
            "reported_currency": "USD",
            "gross_profit": 16702000000.0,
            "total_revenue": 18399000000.0,
            "cost_of_revenue": 1697000000.0,
            "cost_of_goods_and_services_sold": 1697000000.0,
            "operating_income": 11002000000.0,
            "selling_general_and_administrative": 7941000000.0,
            "research_and_development": null,
            "operating_expenses": 413000000.0,
            "investment_income_net": null,
            "net_interest_income": 8294000000.0,
            "interest_income": 16529000000.0,
            "interest_expense": 8235000000.0,
            "non_interest_income": 10105000000.0,
            "other_non_operating_income": null,
            "depreciation": null,
            "depreciation_and_amortization": 1212000000.0,
            "income_before_tax": 2767000000.0,
            "income_tax_expense": 764000000.0,
            "interest_and_debt_expense": null,
            "net_income_from_continuing_operations": null,
            "comprehensive_income_net_of_tax": null,
            "ebit": 11002000000.0,
            "ebitda": 12214000000.0,
            "net_income": 2003000000.0
        },
        {
            "fiscal_date_ending": "2008-09-30",
            "reported_currency": "USD",
            "gross_profit": 12859000000.0,
            "total_revenue": 14737000000.0,
            "cost_of_revenue": 1878000000.0,
            "cost_of_goods_and_services_sold": 1878000000.0,
            "operating_income": 7536000000.0,
            "selling_general_and_administrative": 6970000000.0,
            "research_and_development": null,
            "operating_expenses": 453000000.0,
            "investment_income_net": null,
            "net_interest_income": 8994000000.0,
            "interest_income": 17326000000.0,
            "interest_expense": 8332000000.0,
            "non_interest_income": 5743000000.0,
            "other_non_operating_income": null,
            "depreciation": null,
            "depreciation_and_amortization": 1115000000.0,
            "income_before_tax": -1606000000.0,
            "income_tax_expense": -2133000000.0,
            "interest_and_debt_expense": null,
            "net_income_from_continuing_operations": null,
            "comprehensive_income_net_of_tax": null,
            "ebit": 6726000000.0,
            "ebitda": 8651000000.0,
            "net_income": 527000000.0
        },
        {
            "fiscal_date_ending": "2008-12-31",
            "reported_currency": "USD",
            "gross_profit": 17226000000.0,
            "total_revenue": 17226000000.0,
            "cost_of_revenue": 15112000000.0,
            "cost_of_goods_and_services_sold": 15112000000.0,
            "operating_income": 8612000000.0,
            "selling_general_and_administrative": 5024000000.0,
            "research_and_development": null,
            "operating_expenses": -8614000000.0,
            "investment_income_net": null,
            "net_interest_income": 13832000000.0,
            "interest_income": 21631000000.0,
            "interest_expense": 7799000000.0,
            "non_interest_income": 3394000000.0,
            "other_non_operating_income": null,
            "depreciation": null,
            "depreciation_and_amortization": 1156000000.0,
            "income_before_tax": -17000000.0,
            "income_tax_expense": -719000000.0,
            "interest_and_debt_expense": null,
            "net_income_from_continuing_operations": null,
            "comprehensive_income_net_of_tax": -2758000000.0,
            "ebit": 7782000000.0,
            "ebitda": 9768000000.0,
            "net_income": 702000000.0
        },
        {
            "fiscal_date_ending": "2009-03-31",
            "reported_currency": "USD",
            "gross_profit": 22994000000.0,
            "total_revenue": 25025000000.0,
            "cost_of_revenue": 2031000000.0,
            "cost_of_goods_and_services_sold": 2031000000.0,
            "operating_income": 8026000000.0,
            "selling_general_and_administrative": 8734000000.0,
            "research_and_development": null,
            "operating_expenses": 384000000.0,
            "investment_income_net": null,
            "net_interest_income": 13367000000.0,
            "interest_income": 17926000000.0,
            "interest_expense": 4559000000.0,
            "non_interest_income": 11658000000.0,
            "other_non_operating_income": null,
            "depreciation": null,
            "depreciation_and_amortization": 686000000.0,
            "income_before_tax": 3056000000.0,
            "income_tax_expense": 915000000.0,
            "interest_and_debt_expense": null,
            "net_income_from_continuing_operations": null,
            "comprehensive_income_net_of_tax": 3338000000.0,
            "ebit": 7615000000.0,
            "ebitda": 8712000000.0,
            "net_income": 2141000000.0
        },
        {
            "fiscal_date_ending": "2009-06-30",
            "reported_currency": "USD",
            "gross_profit": 12103000000.0,
            "total_revenue": 25623000000.0,
            "cost_of_revenue": 13520000000.0,
            "cost_of_goods_and_services_sold": 2070000000.0,
            "operating_income": 4504000000.0,
            "selling_general_and_administrative": 7334000000.0,
            "research_and_development": null,
            "operating_expenses": 11478000000.0,
            "investment_income_net": null,
            "net_interest_income": 12670000000.0,
            "interest_income": 16549000000.0,
            "interest_expense": 3879000000.0,
            "non_interest_income": 12953000000.0,
            "other_non_operating_income": null,
            "depreciation": null,
            "depreciation_and_amortization": 265000000.0,
            "income_before_tax": 4072000000.0,
            "income_tax_expense": 1351000000.0,
            "interest_and_debt_expense": 3879000000.0,
            "net_income_from_continuing_operations": 5442000000.0,
            "comprehensive_income_net_of_tax": 3773000000.0,
            "ebit": 7951000000.0,
            "ebitda": 8216000000.0,
            "net_income": 2721000000.0
        },
        {
            "fiscal_date_ending": "2009-09-30",
            "reported_currency": "USD",
            "gross_profit": 13167000000.0,
            "total_revenue": 26622000000.0,
            "cost_of_revenue": 13455000000.0,
            "cost_of_goods_and_services_sold": 2063000000.0,
            "operating_income": 5162000000.0,
            "selling_general_and_administrative": 7751000000.0,
            "research_and_development": null,
            "operating_expenses": 11528000000.0,
            "investment_income_net": null,
            "net_interest_income": 12737000000.0,
            "interest_income": 16260000000.0,
            "interest_expense": 3523000000.0,
            "non_interest_income": 13885000000.0,
            "other_non_operating_income": null,
            "depreciation": null,
            "depreciation_and_amortization": 254000000.0,
            "income_before_tax": 5139000000.0,
            "income_tax_expense": 1551000000.0,
            "interest_and_debt_expense": 3523000000.0,
            "net_income_from_continuing_operations": 3512000000.0,
            "comprehensive_income_net_of_tax": 7309000000.0,
            "ebit": 8662000000.0,
            "ebitda": 8916000000.0,
            "net_income": 3588000000.0
        },
        {
            "fiscal_date_ending": "2009-12-31",
            "reported_currency": "USD",
            "gross_profit": 11160000000.0,
            "total_revenue": 23164000000.0,
            "cost_of_revenue": 12004000000.0,
            "cost_of_goods_and_services_sold": 10521000000.0,
            "operating_income": 5256000000.0,
            "selling_general_and_administrative": 5648000000.0,
            "research_and_development": null,
            "operating_expenses": 9141000000.0,
            "investment_income_net": null,
            "net_interest_income": 12378000000.0,
            "interest_income": 15615000000.0,
            "interest_expense": 3237000000.0,
            "non_interest_income": 10786000000.0,
            "other_non_operating_income": null,
            "depreciation": null,
            "depreciation_and_amortization": 256000000.0,
            "income_before_tax": 3876000000.0,
            "income_tax_expense": 598000000.0,
            "interest_and_debt_expense": 3237000000.0,
            "net_income_from_continuing_operations": 3278000000.0,
            "comprehensive_income_net_of_tax": 2904000000.0,
            "ebit": 7113000000.0,
            "ebitda": 7369000000.0,
            "net_income": 3278000000.0
        },
        {
            "fiscal_date_ending": "2010-03-31",
            "reported_currency": "USD",
            "gross_profit": 11547000000.0,
            "total_revenue": 27671000000.0,
            "cost_of_revenue": 16124000000.0,
            "cost_of_goods_and_services_sold": 2006000000.0,
            "operating_income": 3445000000.0,
            "selling_general_and_administrative": 7859000000.0,
            "research_and_development": null,
            "operating_expenses": 11237000000.0,
            "investment_income_net": null,
            "net_interest_income": 13710000000.0,
            "interest_income": 16845000000.0,
            "interest_expense": 3135000000.0,
            "non_interest_income": 13961000000.0,
            "other_non_operating_income": null,
            "depreciation": null,
            "depreciation_and_amortization": 243000000.0,
            "income_before_tax": 4537000000.0,
            "income_tax_expense": 1211000000.0,
            "interest_and_debt_expense": 3135000000.0,
            "net_income_from_continuing_operations": 3326000000.0,
            "comprehensive_income_net_of_tax": 4307000000.0,
            "ebit": 7672000000.0,
            "ebitda": 7915000000.0,
            "net_income": 3326000000.0
        },
        {
            "fiscal_date_ending": "2010-06-30",
            "reported_currency": "USD",
            "gross_profit": 10470000000.0,
            "total_revenue": 25101000000.0,
            "cost_of_revenue": 14631000000.0,
            "cost_of_goods_and_services_sold": 2048000000.0,
            "operating_income": 1199000000.0,
            "selling_general_and_administrative": 8244000000.0,
            "research_and_development": null,
            "operating_expenses": 12154000000.0,
            "investment_income_net": null,
            "net_interest_income": 12687000000.0,
            "interest_income": 15719000000.0,
            "interest_expense": 3032000000.0,
            "non_interest_income": 12414000000.0,
            "other_non_operating_income": null,
            "depreciation": null,
            "depreciation_and_amortization": 235000000.0,
            "income_before_tax": 7107000000.0,
            "income_tax_expense": 2312000000.0,
            "interest_and_debt_expense": 3032000000.0,
            "net_income_from_continuing_operations": 4795000000.0,
            "comprehensive_income_net_of_tax": 6438000000.0,
            "ebit": 10139000000.0,
            "ebitda": 10374000000.0,
            "net_income": 4795000000.0
        },
        {
            "fiscal_date_ending": "2010-09-30",
            "reported_currency": "USD",
            "gross_profit": 9426000000.0,
            "total_revenue": 23824000000.0,
            "cost_of_revenue": 14398000000.0,
            "cost_of_goods_and_services_sold": 2068000000.0,
            "operating_income": 396000000.0,
            "selling_general_and_administrative": 7312000000.0,
            "research_and_development": null,
            "operating_expenses": 12003000000.0,
            "investment_income_net": null,
            "net_interest_income": 12502000000.0,
            "interest_income": 15606000000.0,
            "interest_expense": 3104000000.0,
            "non_interest_income": 11322000000.0,
            "other_non_operating_income": null,
            "depreciation": null,
            "depreciation_and_amortization": 218000000.0,
            "income_before_tax": 6203000000.0,
            "income_tax_expense": 1785000000.0,
            "interest_and_debt_expense": 3104000000.0,
            "net_income_from_continuing_operations": 4418000000.0,
            "comprehensive_income_net_of_tax": 5125000000.0,
            "ebit": 9307000000.0,
            "ebitda": 9525000000.0,
            "net_income": 4418000000.0
        },
        {
            "fiscal_date_ending": "2010-12-31",
            "reported_currency": "USD",
            "gross_profit": 6848000000.0,
            "total_revenue": 26098000000.0,
            "cost_of_revenue": 19250000000.0,
            "cost_of_goods_and_services_sold": 6553000000.0,
            "operating_income": 4653000000.0,
            "selling_general_and_administrative": 7155000000.0,
            "research_and_development": null,
            "operating_expenses": 5630000000.0,
            "investment_income_net": null,
            "net_interest_income": 12102000000.0,
            "interest_income": 15612000000.0,
            "interest_expense": 3510000000.0,
            "non_interest_income": 13996000000.0,
            "other_non_operating_income": null,
            "depreciation": null,
            "depreciation_and_amortization": 240000000.0,
            "income_before_tax": 7012000000.0,
            "income_tax_expense": 2181000000.0,
            "interest_and_debt_expense": 3510000000.0,
            "net_income_from_continuing_operations": 4831000000.0,
            "comprehensive_income_net_of_tax": 2736000000.0,
            "ebit": 10522000000.0,
            "ebitda": 10762000000.0,
            "net_income": 4831000000.0
        },
        {
            "fiscal_date_ending": "2011-03-31",
            "reported_currency": "USD",
            "gross_profit": 8030000000.0,
            "total_revenue": 25221000000.0,
            "cost_of_revenue": 17191000000.0,
            "cost_of_goods_and_services_sold": 2178000000.0,
            "operating_income": -1109000000.0,
            "selling_general_and_administrative": 8922000000.0,
            "research_and_development": null,
            "operating_expenses": 12615000000.0,
            "investment_income_net": null,
            "net_interest_income": 11905000000.0,
            "interest_income": 15447000000.0,
            "interest_expense": 3542000000.0,
            "non_interest_income": 13316000000.0,
            "other_non_operating_income": null,
            "depreciation": null,
            "depreciation_and_amortization": 217000000.0,
            "income_before_tax": 8057000000.0,
            "income_tax_expense": 2502000000.0,
            "interest_and_debt_expense": 3542000000.0,
            "net_income_from_continuing_operations": 5555000000.0,
            "comprehensive_income_net_of_tax": 5266000000.0,
            "ebit": 11599000000.0,
            "ebitda": 11816000000.0,
            "net_income": 5555000000.0
        },
        {
            "fiscal_date_ending": "2011-06-30",
            "reported_currency": "USD",
            "gross_profit": 9937000000.0,
            "total_revenue": 26779000000.0,
            "cost_of_revenue": 16842000000.0,
            "cost_of_goods_and_services_sold": 2152000000.0,
            "operating_income": 490000000.0,
            "selling_general_and_administrative": 8313000000.0,
            "research_and_development": null,
            "operating_expenses": 13139000000.0,
            "investment_income_net": null,
            "net_interest_income": 11836000000.0,
            "interest_income": 15632000000.0,
            "interest_expense": 3796000000.0,
            "non_interest_income": 14943000000.0,
            "other_non_operating_income": null,
            "depreciation": null,
            "depreciation_and_amortization": 212000000.0,
            "income_before_tax": 8127000000.0,
            "income_tax_expense": 2696000000.0,
            "interest_and_debt_expense": 3796000000.0,
            "net_income_from_continuing_operations": 5431000000.0,
            "comprehensive_income_net_of_tax": 6357000000.0,
            "ebit": 11923000000.0,
            "ebitda": 12135000000.0,
            "net_income": 5431000000.0
        },
        {
            "fiscal_date_ending": "2011-09-30",
            "reported_currency": "USD",
            "gross_profit": 8229000000.0,
            "total_revenue": 23763000000.0,
            "cost_of_revenue": 15534000000.0,
            "cost_of_goods_and_services_sold": 2183000000.0,
            "operating_income": -767000000.0,
            "selling_general_and_administrative": 7834000000.0,
            "research_and_development": null,
            "operating_expenses": 12306000000.0,
            "investment_income_net": 2156000000.0,
            "net_interest_income": 11817000000.0,
            "interest_income": 15160000000.0,
            "interest_expense": 3343000000.0,
            "non_interest_income": 11946000000.0,
            "other_non_operating_income": null,
            "depreciation": null,
            "depreciation_and_amortization": 212000000.0,
            "income_before_tax": 5818000000.0,
            "income_tax_expense": 1556000000.0,
            "interest_and_debt_expense": 3343000000.0,
            "net_income_from_continuing_operations": 4262000000.0,
            "comprehensive_income_net_of_tax": 4588000000.0,
            "ebit": 9161000000.0,
            "ebitda": 9373000000.0,
            "net_income": 4262000000.0
        },
        {
            "fiscal_date_ending": "2011-12-31",
            "reported_currency": "USD",
            "gross_profit": 4738000000.0,
            "total_revenue": 21471000000.0,
            "cost_of_revenue": 16733000000.0,
            "cost_of_goods_and_services_sold": 5107000000.0,
            "operating_income": -3645000000.0,
            "selling_general_and_administrative": 7111000000.0,
            "research_and_development": null,
            "operating_expenses": 11281000000.0,
            "investment_income_net": 2253000000.0,
            "net_interest_income": 12131000000.0,
            "interest_income": 15054000000.0,
            "interest_expense": 2923000000.0,
            "non_interest_income": 9340000000.0,
            "other_non_operating_income": null,
            "depreciation": null,
            "depreciation_and_amortization": 207000000.0,
            "income_before_tax": 4747000000.0,
            "income_tax_expense": 1019000000.0,
            "interest_and_debt_expense": 2923000000.0,
            "net_income_from_continuing_operations": 3728000000.0,
            "comprehensive_income_net_of_tax": 2708000000.0,
            "ebit": 7670000000.0,
            "ebitda": 7877000000.0,
            "net_income": 3728000000.0
        },
        {
            "fiscal_date_ending": "2012-03-31",
            "reported_currency": "USD",
            "gross_profit": -603000000.0,
            "total_revenue": 26052000000.0,
            "cost_of_revenue": 18345000000.0,
            "cost_of_goods_and_services_sold": 2232000000.0,
            "operating_income": -11057000000.0,
            "selling_general_and_administrative": 9293000000.0,
            "research_and_development": null,
            "operating_expenses": 13489000000.0,
            "investment_income_net": 2295000000.0,
            "net_interest_income": 11666000000.0,
            "interest_income": 14701000000.0,
            "interest_expense": 3035000000.0,
            "non_interest_income": 14386000000.0,
            "other_non_operating_income": null,
            "depreciation": null,
            "depreciation_and_amortization": 193000000.0,
            "income_before_tax": 6981000000.0,
            "income_tax_expense": 2057000000.0,
            "interest_and_debt_expense": 3035000000.0,
            "net_income_from_continuing_operations": 7425000000.0,
            "comprehensive_income_net_of_tax": 6625000000.0,
            "ebit": 10016000000.0,
            "ebitda": 10209000000.0,
            "net_income": 4924000000.0
        },
        {
            "fiscal_date_ending": "2012-06-30",
            "reported_currency": "USD",
            "gross_profit": 7214000000.0,
            "total_revenue": 22180000000.0,
            "cost_of_revenue": 14966000000.0,
            "cost_of_goods_and_services_sold": 2362000000.0,
            "operating_income": -2182000000.0,
            "selling_general_and_administrative": 8069000000.0,
            "research_and_development": null,
            "operating_expenses": 12265000000.0,
            "investment_income_net": 2101000000.0,
            "net_interest_income": 11146000000.0,
            "interest_income": 14099000000.0,
            "interest_expense": 2953000000.0,
            "non_interest_income": 11034000000.0,
            "other_non_operating_income": null,
            "depreciation": null,
            "depreciation_and_amortization": 191000000.0,
            "income_before_tax": 7000000000.0,
            "income_tax_expense": 2040000000.0,
            "interest_and_debt_expense": 2953000000.0,
            "net_income_from_continuing_operations": 4960000000.0,
            "comprehensive_income_net_of_tax": 4587000000.0,
            "ebit": 9953000000.0,
            "ebitda": 10144000000.0,
            "net_income": 4960000000.0
        },
        {
            "fiscal_date_ending": "2012-09-30",
            "reported_currency": "USD",
            "gross_profit": 9775000000.0,
            "total_revenue": 25146000000.0,
            "cost_of_revenue": 15371000000.0,
            "cost_of_goods_and_services_sold": 2285000000.0,
            "operating_income": -805000000.0,
            "selling_general_and_administrative": 9422000000.0,
            "research_and_development": null,
            "operating_expenses": 13125000000.0,
            "investment_income_net": 1764000000.0,
            "net_interest_income": 10976000000.0,
            "interest_income": 13629000000.0,
            "interest_expense": 2653000000.0,
            "non_interest_income": 14170000000.0,
            "other_non_operating_income": null,
            "depreciation": null,
            "depreciation_and_amortization": 182000000.0,
            "income_before_tax": 7986000000.0,
            "income_tax_expense": 2278000000.0,
            "interest_and_debt_expense": 2653000000.0,
            "net_income_from_continuing_operations": 5708000000.0,
            "comprehensive_income_net_of_tax": 7862000000.0,
            "ebit": 10639000000.0,
            "ebitda": 10821000000.0,
            "net_income": 5708000000.0
        },
        {
            "fiscal_date_ending": "2012-12-31",
            "reported_currency": "USD",
            "gross_profit": 7606000000.0,
            "total_revenue": 23653000000.0,
            "cost_of_revenue": 16047000000.0,
            "cost_of_goods_and_services_sold": 3168000000.0,
            "operating_income": -2746000000.0,
            "selling_general_and_administrative": 9049000000.0,
            "research_and_development": null,
            "operating_expenses": 12809000000.0,
            "investment_income_net": 1779000000.0,
            "net_interest_income": 11122000000.0,
            "interest_income": 13524000000.0,
            "interest_expense": 2402000000.0,
            "non_interest_income": 12531000000.0,
            "other_non_operating_income": null,
            "depreciation": null,
            "depreciation_and_amortization": 391000000.0,
            "income_before_tax": 6950000000.0,
            "income_tax_expense": 1258000000.0,
            "interest_and_debt_expense": 2512000000.0,
            "net_income_from_continuing_operations": 5692000000.0,
            "comprehensive_income_net_of_tax": 5368000000.0,
            "ebit": 9352000000.0,
            "ebitda": 9743000000.0,
            "net_income": 5692000000.0
        },
        {
            "fiscal_date_ending": "2013-03-31",
            "reported_currency": "USD",
            "gross_profit": 9699000000.0,
            "total_revenue": 25122000000.0,
            "cost_of_revenue": 15423000000.0,
            "cost_of_goods_and_services_sold": 2233000000.0,
            "operating_income": -1689000000.0,
            "selling_general_and_administrative": 10335000000.0,
            "research_and_development": null,
            "operating_expenses": 13731000000.0,
            "investment_income_net": 1890000000.0,
            "net_interest_income": 10933000000.0,
            "interest_income": 13365000000.0,
            "interest_expense": 2432000000.0,
            "non_interest_income": 14189000000.0,
            "other_non_operating_income": 13427000000.0,
            "depreciation": null,
            "depreciation_and_amortization": 152000000.0,
            "income_before_tax": 9082000000.0,
            "income_tax_expense": 2553000000.0,
            "interest_and_debt_expense": 2494000000.0,
            "net_income_from_continuing_operations": 6529000000.0,
            "comprehensive_income_net_of_tax": 5918000000.0,
            "ebit": 11514000000.0,
            "ebitda": 11666000000.0,
            "net_income": 6529000000.0
        },
        {
            "fiscal_date_ending": "2013-06-30",
            "reported_currency": "USD",
            "gross_profit": 9345000000.0,
            "total_revenue": 25211000000.0,
            "cost_of_revenue": 15866000000.0,
            "cost_of_goods_and_services_sold": 2265000000.0,
            "operating_income": -1675000000.0,
            "selling_general_and_administrative": 9958000000.0,
            "research_and_development": null,
            "operating_expenses": 13363000000.0,
            "investment_income_net": 1778000000.0,
            "net_interest_income": 10704000000.0,
            "interest_income": 13072000000.0,
            "interest_expense": 2368000000.0,
            "non_interest_income": 14507000000.0,
            "other_non_operating_income": 13145000000.0,
            "depreciation": null,
            "depreciation_and_amortization": 152000000.0,
            "income_before_tax": 9298000000.0,
            "income_tax_expense": 2802000000.0,
            "interest_and_debt_expense": 2441000000.0,
            "net_income_from_continuing_operations": 6496000000.0,
            "comprehensive_income_net_of_tax": 3141000000.0,
            "ebit": 11666000000.0,
            "ebitda": 11818000000.0,
            "net_income": 6496000000.0
        },
        {
            "fiscal_date_ending": "2013-09-30",
            "reported_currency": "USD",
            "gross_profit": -509000000.0,
            "total_revenue": 23117000000.0,
            "cost_of_revenue": 23626000000.0,
            "cost_of_goods_and_services_sold": 2303000000.0,
            "operating_income": -10819000000.0,
            "selling_general_and_administrative": 9269000000.0,
            "research_and_development": null,
            "operating_expenses": 12697000000.0,
            "investment_income_net": 1997000000.0,
            "net_interest_income": 10775000000.0,
            "interest_income": 13066000000.0,
            "interest_expense": 2291000000.0,
            "non_interest_income": 12342000000.0,
            "other_non_operating_income": 13162000000.0,
            "depreciation": null,
            "depreciation_and_amortization": 140000000.0,
            "income_before_tax": 34000000.0,
            "income_tax_expense": 414000000.0,
            "interest_and_debt_expense": 2387000000.0,
            "net_income_from_continuing_operations": -380000000.0,
            "comprehensive_income_net_of_tax": -126000000.0,
            "ebit": 2325000000.0,
            "ebitda": 2465000000.0,
            "net_income": -380000000.0
        },
        {
            "fiscal_date_ending": "2013-12-31",
            "reported_currency": "USD",
            "gross_profit": 7604000000.0,
            "total_revenue": 23917000000.0,
            "cost_of_revenue": 15552000000.0,
            "cost_of_goods_and_services_sold": 2459000000.0,
            "operating_income": -2695000000.0,
            "selling_general_and_administrative": 9173000000.0,
            "research_and_development": null,
            "operating_expenses": 12654000000.0,
            "investment_income_net": 2147000000.0,
            "net_interest_income": 10907000000.0,
            "interest_income": 13166000000.0,
            "interest_expense": 2259000000.0,
            "non_interest_income": 13010000000.0,
            "other_non_operating_income": null,
            "depreciation": null,
            "depreciation_and_amortization": 193000000.0,
            "income_before_tax": 8261000000.0,
            "income_tax_expense": 3020000000.0,
            "interest_and_debt_expense": 2355000000.0,
            "net_income_from_continuing_operations": 5278000000.0,
            "comprehensive_income_net_of_tax": 6050000000.0,
            "ebit": 10520000000.0,
            "ebitda": 10713000000.0,
            "net_income": 5241000000.0
        },
        {
            "fiscal_date_ending": "2014-03-31",
            "reported_currency": "USD",
            "gross_profit": 8357000000.0,
            "total_revenue": 22993000000.0,
            "cost_of_revenue": 14636000000.0,
            "cost_of_goods_and_services_sold": 2363000000.0,
            "operating_income": -2530000000.0,
            "selling_general_and_administrative": 9834000000.0,
            "research_and_development": null,
            "operating_expenses": 13013000000.0,
            "investment_income_net": 2217000000.0,
            "net_interest_income": 10667000000.0,
            "interest_income": 12793000000.0,
            "interest_expense": 2126000000.0,
            "non_interest_income": 12548000000.0,
            "other_non_operating_income": null,
            "depreciation": null,
            "depreciation_and_amortization": 131000000.0,
            "income_before_tax": 7729000000.0,
            "income_tax_expense": 2460000000.0,
            "interest_and_debt_expense": 2126000000.0,
            "net_income_from_continuing_operations": 5274000000.0,
            "comprehensive_income_net_of_tax": 6346000000.0,
            "ebit": 9855000000.0,
            "ebitda": 9986000000.0,
            "net_income": 5269000000.0
        },
        {
            "fiscal_date_ending": "2014-06-30",
            "reported_currency": "USD",
            "gross_profit": 9023000000.0,
            "total_revenue": 24454000000.0,
            "cost_of_revenue": 15431000000.0,
            "cost_of_goods_and_services_sold": 2406000000.0,
            "operating_income": -1676000000.0,
            "selling_general_and_administrative": 9693000000.0,
            "research_and_development": null,
            "operating_expenses": 12762000000.0,
            "investment_income_net": 2277000000.0,
            "net_interest_income": 10798000000.0,
            "interest_income": 12861000000.0,
            "interest_expense": 2063000000.0,
            "non_interest_income": 13880000000.0,
            "other_non_operating_income": null,
            "depreciation": null,
            "depreciation_and_amortization": 132000000.0,
            "income_before_tax": 8555000000.0,
            "income_tax_expense": 2575000000.0,
            "interest_and_debt_expense": 2063000000.0,
            "net_income_from_continuing_operations": 5985000000.0,
            "comprehensive_income_net_of_tax": 7142000000.0,
            "ebit": 10618000000.0,
            "ebitda": 10750000000.0,
            "net_income": 5980000000.0
        },
        {
            "fiscal_date_ending": "2014-09-30",
            "reported_currency": "USD",
            "gross_profit": 7691000000.0,
            "total_revenue": 24246000000.0,
            "cost_of_revenue": 16555000000.0,
            "cost_of_goods_and_services_sold": 2443000000.0,
            "operating_income": -5151000000.0,
            "selling_general_and_administrative": 10884000000.0,
            "research_and_development": null,
            "operating_expenses": 12842000000.0,
            "investment_income_net": 2290000000.0,
            "net_interest_income": 11107000000.0,
            "interest_income": 12926000000.0,
            "interest_expense": 1819000000.0,
            "non_interest_income": 13362000000.0,
            "other_non_operating_income": null,
            "depreciation": null,
            "depreciation_and_amortization": 51000000.0,
            "income_before_tax": 7914000000.0,
            "income_tax_expense": 2349000000.0,
            "interest_and_debt_expense": 1819000000.0,
            "net_income_from_continuing_operations": 5572000000.0,
            "comprehensive_income_net_of_tax": 5393000000.0,
            "ebit": 9733000000.0,
            "ebitda": 9784000000.0,
            "net_income": 5565000000.0
        },
        {
            "fiscal_date_ending": "2014-12-31",
            "reported_currency": "USD",
            "gross_profit": 6263000000.0,
            "total_revenue": 23419000000.0,
            "cost_of_revenue": 16249000000.0,
            "cost_of_goods_and_services_sold": 2729000000.0,
            "operating_income": -7842000000.0,
            "selling_general_and_administrative": 11959000000.0,
            "research_and_development": null,
            "operating_expenses": 14105000000.0,
            "investment_income_net": 2256000000.0,
            "net_interest_income": 11062000000.0,
            "interest_income": 12951000000.0,
            "interest_expense": 1889000000.0,
            "non_interest_income": 11688000000.0,
            "other_non_operating_income": null,
            "depreciation": null,
            "depreciation_and_amortization": 66000000.0,
            "income_before_tax": 6501000000.0,
            "income_tax_expense": 1570000000.0,
            "interest_and_debt_expense": 1889000000.0,
            "net_income_from_continuing_operations": 4931000000.0,
            "comprehensive_income_net_of_tax": 3854000000.0,
            "ebit": 8390000000.0,
            "ebitda": 8456000000.0,
            "net_income": 4931000000.0
        },
        {
            "fiscal_date_ending": "2015-03-31",
            "reported_currency": "USD",
            "gross_profit": 7734000000.0,
            "total_revenue": 25954000000.0,
            "cost_of_revenue": 15842000000.0,
            "cost_of_goods_and_services_sold": 2424000000.0,
            "operating_income": -4958000000.0,
            "selling_general_and_administrative": 11058000000.0,
            "research_and_development": null,
            "operating_expenses": 12692000000.0,
            "investment_income_net": 2122000000.0,
            "net_interest_income": 10677000000.0,
            "interest_income": 12565000000.0,
            "interest_expense": 1888000000.0,
            "non_interest_income": 13389000000.0,
            "other_non_operating_income": null,
            "depreciation": null,
            "depreciation_and_amortization": 1181000000.0,
            "income_before_tax": 8224000000.0,
            "income_tax_expense": 2310000000.0,
            "interest_and_debt_expense": 1888000000.0,
            "net_income_from_continuing_operations": 5914000000.0,
            "comprehensive_income_net_of_tax": 6155000000.0,
            "ebit": 10112000000.0,
            "ebitda": -1149000000.0,
            "net_income": 5914000000.0
        },
        {
            "fiscal_date_ending": "2015-06-30",
            "reported_currency": "USD",
            "gross_profit": 7946000000.0,
            "total_revenue": 25642000000.0,
            "cost_of_revenue": 15435000000.0,
            "cost_of_goods_and_services_sold": 2422000000.0,
            "operating_income": -4580000000.0,
            "selling_general_and_administrative": 10758000000.0,
            "research_and_development": null,
            "operating_expenses": 12526000000.0,
            "investment_income_net": 2031000000.0,
            "net_interest_income": 10684000000.0,
            "interest_income": 12514000000.0,
            "interest_expense": 1830000000.0,
            "non_interest_income": 13128000000.0,
            "other_non_operating_income": null,
            "depreciation": null,
            "depreciation_and_amortization": 1238000000.0,
            "income_before_tax": 8377000000.0,
            "income_tax_expense": 2087000000.0,
            "interest_and_debt_expense": 1830000000.0,
            "net_income_from_continuing_operations": 6290000000.0,
            "comprehensive_income_net_of_tax": 4962000000.0,
            "ebit": 10207000000.0,
            "ebitda": -805000000.0,
            "net_income": 6290000000.0
        },
        {
            "fiscal_date_ending": "2015-09-30",
            "reported_currency": "USD",
            "gross_profit": 6584000000.0,
            "total_revenue": 24595000000.0,
            "cost_of_revenue": 16050000000.0,
            "cost_of_goods_and_services_sold": 2511000000.0,
            "operating_income": -5727000000.0,
            "selling_general_and_administrative": 10535000000.0,
            "research_and_development": null,
            "operating_expenses": 12311000000.0,
            "investment_income_net": 1992000000.0,
            "net_interest_income": 10924000000.0,
            "interest_income": 12739000000.0,
            "interest_expense": 1815000000.0,
            "non_interest_income": 11856000000.0,
            "other_non_operating_income": null,
            "depreciation": null,
            "depreciation_and_amortization": 1248000000.0,
            "income_before_tax": 6730000000.0,
            "income_tax_expense": -74000000.0,
            "interest_and_debt_expense": 1815000000.0,
            "net_income_from_continuing_operations": 6804000000.0,
            "comprehensive_income_net_of_tax": 6453000000.0,
            "ebit": 8545000000.0,
            "ebitda": -1733000000.0,
            "net_income": 6804000000.0
        },
        {
            "fiscal_date_ending": "2015-12-31",
            "reported_currency": "USD",
            "gross_profit": 8438000000.0,
            "total_revenue": 24815000000.0,
            "cost_of_revenue": 15514000000.0,
            "cost_of_goods_and_services_sold": 3181000000.0,
            "operating_income": -5058000000.0,
            "selling_general_and_administrative": 11672000000.0,
            "research_and_development": null,
            "operating_expenses": 13496000000.0,
            "investment_income_net": 2111000000.0,
            "net_interest_income": 11225000000.0,
            "interest_income": 13155000000.0,
            "interest_expense": 1930000000.0,
            "non_interest_income": 11660000000.0,
            "other_non_operating_income": null,
            "depreciation": null,
            "depreciation_and_amortization": 1273000000.0,
            "income_before_tax": 7371000000.0,
            "income_tax_expense": 1937000000.0,
            "interest_and_debt_expense": 1930000000.0,
            "net_income_from_continuing_operations": 5434000000.0,
            "comprehensive_income_net_of_tax": 4875000000.0,
            "ebit": 9301000000.0,
            "ebitda": -657000000.0,
            "net_income": 5434000000.0
        },
        {
            "fiscal_date_ending": "2016-03-31",
            "reported_currency": "USD",
            "gross_profit": 6369000000.0,
            "total_revenue": 25411000000.0,
            "cost_of_revenue": 15661000000.0,
            "cost_of_goods_and_services_sold": 2501000000.0,
            "operating_income": -6043000000.0,
            "selling_general_and_administrative": 10864000000.0,
            "research_and_development": null,
            "operating_expenses": 12412000000.0,
            "investment_income_net": 1885000000.0,
            "net_interest_income": 11380000000.0,
            "interest_income": 13552000000.0,
            "interest_expense": 2172000000.0,
            "non_interest_income": 11859000000.0,
            "other_non_operating_income": null,
            "depreciation": null,
            "depreciation_and_amortization": 1289000000.0,
            "income_before_tax": 7578000000.0,
            "income_tax_expense": 2058000000.0,
            "interest_and_debt_expense": 2172000000.0,
            "net_income_from_continuing_operations": 5520000000.0,
            "comprehensive_income_net_of_tax": 5956000000.0,
            "ebit": 9750000000.0,
            "ebitda": -428000000.0,
            "net_income": 5520000000.0
        },
        {
            "fiscal_date_ending": "2016-06-30",
            "reported_currency": "USD",
            "gross_profit": 8589000000.0,
            "total_revenue": 26846000000.0,
            "cost_of_revenue": 15040000000.0,
            "cost_of_goods_and_services_sold": 2564000000.0,
            "operating_income": -3695000000.0,
            "selling_general_and_administrative": 10584000000.0,
            "research_and_development": null,
            "operating_expenses": 12284000000.0,
            "investment_income_net": 1822000000.0,
            "net_interest_income": 11347000000.0,
            "interest_income": 13813000000.0,
            "interest_expense": 2466000000.0,
            "non_interest_income": 13033000000.0,
            "other_non_operating_income": null,
            "depreciation": null,
            "depreciation_and_amortization": 1336000000.0,
            "income_before_tax": 9340000000.0,
            "income_tax_expense": 3140000000.0,
            "interest_and_debt_expense": 2466000000.0,
            "net_income_from_continuing_operations": 6200000000.0,
            "comprehensive_income_net_of_tax": 7036000000.0,
            "ebit": 11806000000.0,
            "ebitda": -42000000.0,
            "net_income": 6200000000.0
        },
        {
            "fiscal_date_ending": "2016-09-30",
            "reported_currency": "USD",
            "gross_profit": 8376000000.0,
            "total_revenue": 27140000000.0,
            "cost_of_revenue": 15734000000.0,
            "cost_of_goods_and_services_sold": 2640000000.0,
            "operating_income": -4352000000.0,
            "selling_general_and_administrative": 11063000000.0,
            "research_and_development": null,
            "operating_expenses": 12728000000.0,
            "investment_income_net": 1801000000.0,
            "net_interest_income": 11603000000.0,
            "interest_income": 14070000000.0,
            "interest_expense": 2467000000.0,
            "non_interest_income": 13070000000.0,
            "other_non_operating_income": null,
            "depreciation": null,
            "depreciation_and_amortization": 1407000000.0,
            "income_before_tax": 8939000000.0,
            "income_tax_expense": 2653000000.0,
            "interest_and_debt_expense": 2467000000.0,
            "net_income_from_continuing_operations": 6286000000.0,
            "comprehensive_income_net_of_tax": 6142000000.0,
            "ebit": 11406000000.0,
            "ebitda": -403000000.0,
            "net_income": 6286000000.0
        },
        {
            "fiscal_date_ending": "2016-12-31",
            "reported_currency": "USD",
            "gross_profit": 11202000000.0,
            "total_revenue": 26990000000.0,
            "cost_of_revenue": 14697000000.0,
            "cost_of_goods_and_services_sold": 3577000000.0,
            "operating_income": -2737000000.0,
            "selling_general_and_administrative": 12197000000.0,
            "research_and_development": null,
            "operating_expenses": 13939000000.0,
            "investment_income_net": 1796000000.0,
            "net_interest_income": 11753000000.0,
            "interest_income": 14466000000.0,
            "interest_expense": 2713000000.0,
            "non_interest_income": 12524000000.0,
            "other_non_operating_income": null,
            "depreciation": null,
            "depreciation_and_amortization": 1446000000.0,
            "income_before_tax": 8679000000.0,
            "income_tax_expense": 1952000000.0,
            "interest_and_debt_expense": 2713000000.0,
            "net_income_from_continuing_operations": 6727000000.0,
            "comprehensive_income_net_of_tax": 4078000000.0,
            "ebit": 11392000000.0,
            "ebitda": -707000000.0,
            "net_income": 6727000000.0
        },
        {
            "fiscal_date_ending": "2017-03-31",
            "reported_currency": "USD",
            "gross_profit": 7850000000.0,
            "total_revenue": 27917000000.0,
            "cost_of_revenue": 16334000000.0,
            "cost_of_goods_and_services_sold": 2789000000.0,
            "operating_income": -5614000000.0,
            "selling_general_and_administrative": 11921000000.0,
            "research_and_development": null,
            "operating_expenses": 13464000000.0,
            "investment_income_net": 1888000000.0,
            "net_interest_income": 12064000000.0,
            "interest_income": 15042000000.0,
            "interest_expense": 2978000000.0,
            "non_interest_income": 12875000000.0,
            "other_non_operating_income": null,
            "depreciation": null,
            "depreciation_and_amortization": 1464000000.0,
            "income_before_tax": 8341000000.0,
            "income_tax_expense": 1893000000.0,
            "interest_and_debt_expense": 2978000000.0,
            "net_income_from_continuing_operations": 6448000000.0,
            "comprehensive_income_net_of_tax": 6700000000.0,
            "ebit": 11319000000.0,
            "ebitda": -691000000.0,
            "net_income": 6448000000.0
        },
        {
            "fiscal_date_ending": "2017-06-30",
            "reported_currency": "USD",
            "gross_profit": 9407000000.0,
            "total_revenue": 29173000000.0,
            "cost_of_revenue": 15721000000.0,
            "cost_of_goods_and_services_sold": 2782000000.0,
            "operating_income": -3542000000.0,
            "selling_general_and_administrative": 11305000000.0,
            "research_and_development": null,
            "operating_expenses": 12949000000.0,
            "investment_income_net": 1889000000.0,
            "net_interest_income": 12208000000.0,
            "interest_income": 15650000000.0,
            "interest_expense": 3442000000.0,
            "non_interest_income": 13523000000.0,
            "other_non_operating_income": null,
            "depreciation": null,
            "depreciation_and_amortization": 1504000000.0,
            "income_before_tax": 9749000000.0,
            "income_tax_expense": 2720000000.0,
            "interest_and_debt_expense": 3442000000.0,
            "net_income_from_continuing_operations": 7029000000.0,
            "comprehensive_income_net_of_tax": 7560000000.0,
            "ebit": 13191000000.0,
            "ebitda": 104000000.0,
            "net_income": 7029000000.0
        },
        {
            "fiscal_date_ending": "2017-09-30",
            "reported_currency": "USD",
            "gross_profit": 9032000000.0,
            "total_revenue": 29467000000.0,
            "cost_of_revenue": 15770000000.0,
            "cost_of_goods_and_services_sold": 2902000000.0,
            "operating_income": -3824000000.0,
            "selling_general_and_administrative": 11151000000.0,
            "research_and_development": null,
            "operating_expenses": 12856000000.0,
            "investment_income_net": 1818000000.0,
            "net_interest_income": 12798000000.0,
            "interest_income": 16687000000.0,
            "interest_expense": 3889000000.0,
            "non_interest_income": 12780000000.0,
            "other_non_operating_income": null,
            "depreciation": null,
            "depreciation_and_amortization": 1579000000.0,
            "income_before_tax": 9556000000.0,
            "income_tax_expense": 2824000000.0,
            "interest_and_debt_expense": 3889000000.0,
            "net_income_from_continuing_operations": 6732000000.0,
            "comprehensive_income_net_of_tax": 6815000000.0,
            "ebit": 13445000000.0,
            "ebitda": -363000000.0,
            "net_income": 6732000000.0
        },
        {
            "fiscal_date_ending": "2017-12-31",
            "reported_currency": "USD",
            "gross_profit": 9611000000.0,
            "total_revenue": 28022000000.0,
            "cost_of_revenue": 15899000000.0,
            "cost_of_goods_and_services_sold": 5274000000.0,
            "operating_income": -4865000000.0,
            "selling_general_and_administrative": 12528000000.0,
            "research_and_development": null,
            "operating_expenses": 14476000000.0,
            "investment_income_net": 1787000000.0,
            "net_interest_income": 13027000000.0,
            "interest_income": 16592000000.0,
            "interest_expense": 3565000000.0,
            "non_interest_income": 11430000000.0,
            "other_non_operating_income": null,
            "depreciation": null,
            "depreciation_and_amortization": 1632000000.0,
            "income_before_tax": 8254000000.0,
            "income_tax_expense": 4022000000.0,
            "interest_and_debt_expense": 3966000000.0,
            "net_income_from_continuing_operations": 4232000000.0,
            "comprehensive_income_net_of_tax": 4422000000.0,
            "ebit": 11819000000.0,
            "ebitda": -265000000.0,
            "net_income": 4232000000.0
        },
        {
            "fiscal_date_ending": "2018-03-31",
            "reported_currency": "USD",
            "gross_profit": 10544000000.0,
            "total_revenue": 32290000000.0,
            "cost_of_revenue": 17245000000.0,
            "cost_of_goods_and_services_sold": 811000000.0,
            "operating_income": -4251000000.0,
            "selling_general_and_administrative": 12674000000.0,
            "research_and_development": null,
            "operating_expenses": 14795000000.0,
            "investment_income_net": 1723000000.0,
            "net_interest_income": 13312000000.0,
            "interest_income": 17695000000.0,
            "interest_expense": 4383000000.0,
            "non_interest_income": 14595000000.0,
            "other_non_operating_income": null,
            "depreciation": 811000000.0,
            "depreciation_and_amortization": 1797000000.0,
            "income_before_tax": 10662000000.0,
            "income_tax_expense": 1950000000.0,
            "interest_and_debt_expense": 4383000000.0,
            "net_income_from_continuing_operations": 8712000000.0,
            "comprehensive_income_net_of_tax": 7680000000.0,
            "ebit": 15045000000.0,
            "ebitda": -544000000.0,
            "net_income": 8712000000.0
        },
        {
            "fiscal_date_ending": "2018-06-30",
            "reported_currency": "USD",
            "gross_profit": 10474000000.0,
            "total_revenue": 32834000000.0,
            "cost_of_revenue": 17181000000.0,
            "cost_of_goods_and_services_sold": 852000000.0,
            "operating_income": -3937000000.0,
            "selling_general_and_administrative": 12285000000.0,
            "research_and_development": null,
            "operating_expenses": 14411000000.0,
            "investment_income_net": 1778000000.0,
            "net_interest_income": 13485000000.0,
            "interest_income": 18566000000.0,
            "interest_expense": 5081000000.0,
            "non_interest_income": 14268000000.0,
            "other_non_operating_income": null,
            "depreciation": 852000000.0,
            "depreciation_and_amortization": 1927000000.0,
            "income_before_tax": 10572000000.0,
            "income_tax_expense": 2256000000.0,
            "interest_and_debt_expense": 5384000000.0,
            "net_income_from_continuing_operations": 8316000000.0,
            "comprehensive_income_net_of_tax": 8241000000.0,
            "ebit": 15653000000.0,
            "ebitda": -436000000.0,
            "net_income": 8316000000.0
        },
        {
            "fiscal_date_ending": "2018-09-30",
            "reported_currency": "USD",
            "gross_profit": 10773000000.0,
            "total_revenue": 32791000000.0,
            "cost_of_revenue": 16571000000.0,
            "cost_of_goods_and_services_sold": 3233000000.0,
            "operating_income": 4636000000.0,
            "selling_general_and_administrative": 4031000000.0,
            "research_and_development": null,
            "operating_expenses": 6137000000.0,
            "investment_income_net": 1796000000.0,
            "net_interest_income": 13908000000.0,
            "interest_income": 19439000000.0,
            "interest_expense": 5531000000.0,
            "non_interest_income": 13352000000.0,
            "other_non_operating_income": null,
            "depreciation": null,
            "depreciation_and_amortization": 1992000000.0,
            "income_before_tax": 10689000000.0,
            "income_tax_expense": 2309000000.0,
            "interest_and_debt_expense": 5932000000.0,
            "net_income_from_continuing_operations": 8380000000.0,
            "comprehensive_income_net_of_tax": 7093000000.0,
            "ebit": 16220000000.0,
            "ebitda": -452000000.0,
            "net_income": 8380000000.0
        },
        {
            "fiscal_date_ending": "2018-12-31",
            "reported_currency": "USD",
            "gross_profit": 8938000000.0,
            "total_revenue": 32110000000.0,
            "cost_of_revenue": 17268000000.0,
            "cost_of_goods_and_services_sold": 8232000000.0,
            "operating_income": 821000000.0,
            "selling_general_and_administrative": 5966000000.0,
            "research_and_development": null,
            "operating_expenses": 8117000000.0,
            "investment_income_net": 1951000000.0,
            "net_interest_income": 14354000000.0,
            "interest_income": 20601000000.0,
            "interest_expense": 6247000000.0,
            "non_interest_income": 11509000000.0,
            "other_non_operating_income": null,
            "depreciation": null,
            "depreciation_and_amortization": 2075000000.0,
            "income_before_tax": 8841000000.0,
            "income_tax_expense": 1775000000.0,
            "interest_and_debt_expense": 6684000000.0,
            "net_income_from_continuing_operations": 7066000000.0,
            "comprehensive_income_net_of_tax": 7984000000.0,
            "ebit": 15088000000.0,
            "ebitda": -406000000.0,
            "net_income": 7066000000.0
        },
        {
            "fiscal_date_ending": "2019-03-31",
            "reported_currency": "USD",
            "gross_profit": 10744000000.0,
            "total_revenue": 36059000000.0,
            "cost_of_revenue": 17890000000.0,
            "cost_of_goods_and_services_sold": 3432000000.0,
            "operating_income": 4475000000.0,
            "selling_general_and_administrative": 4311000000.0,
            "research_and_development": null,
            "operating_expenses": 6269000000.0,
            "investment_income_net": 2068000000.0,
            "net_interest_income": 14453000000.0,
            "interest_income": 21389000000.0,
            "interest_expense": 6936000000.0,
            "non_interest_income": 14670000000.0,
            "other_non_operating_income": null,
            "depreciation": null,
            "depreciation_and_amortization": 2038000000.0,
            "income_before_tax": 11233000000.0,
            "income_tax_expense": 2054000000.0,
            "interest_and_debt_expense": 7441000000.0,
            "net_income_from_continuing_operations": 9179000000.0,
            "comprehensive_income_net_of_tax": 10128000000.0,
            "ebit": 18169000000.0,
            "ebitda": -345000000.0,
            "net_income": 9179000000.0
        },
        {
            "fiscal_date_ending": "2019-06-30",
            "reported_currency": "USD",
            "gross_profit": 11271000000.0,
            "total_revenue": 35952000000.0,
            "cost_of_revenue": 17490000000.0,
            "cost_of_goods_and_services_sold": 3438000000.0,
            "operating_income": 4690000000.0,
            "selling_general_and_administrative": 4300000000.0,
            "research_and_development": null,
            "operating_expenses": 6581000000.0,
            "investment_income_net": 2215000000.0,
            "net_interest_income": 14398000000.0,
            "interest_income": 21603000000.0,
            "interest_expense": 7205000000.0,
            "non_interest_income": 14349000000.0,
            "other_non_operating_income": null,
            "depreciation": null,
            "depreciation_and_amortization": 2046000000.0,
            "income_before_tax": 11342000000.0,
            "income_tax_expense": 1690000000.0,
            "interest_and_debt_expense": 7205000000.0,
            "net_income_from_continuing_operations": 9652000000.0,
            "comprehensive_income_net_of_tax": 11324000000.0,
            "ebit": 18547000000.0,
            "ebitda": -529000000.0,
            "net_income": 9652000000.0
        },
        {
            "fiscal_date_ending": "2019-09-30",
            "reported_currency": "USD",
            "gross_profit": 12355000000.0,
            "total_revenue": 36184000000.0,
            "cost_of_revenue": 17936000000.0,
            "cost_of_goods_and_services_sold": 3604000000.0,
            "operating_income": 5740000000.0,
            "selling_general_and_administrative": 4549000000.0,
            "research_and_development": null,
            "operating_expenses": 6615000000.0,
            "investment_income_net": 2450000000.0,
            "net_interest_income": 14228000000.0,
            "interest_income": 21121000000.0,
            "interest_expense": 6893000000.0,
            "non_interest_income": 15063000000.0,
            "other_non_operating_income": null,
            "depreciation": null,
            "depreciation_and_amortization": 2145000000.0,
            "income_before_tax": 11405000000.0,
            "income_tax_expense": 2325000000.0,
            "interest_and_debt_expense": 6893000000.0,
            "net_income_from_continuing_operations": 9080000000.0,
            "comprehensive_income_net_of_tax": 9766000000.0,
            "ebit": 18298000000.0,
            "ebitda": -484000000.0,
            "net_income": 9080000000.0
        },
        {
            "fiscal_date_ending": "2019-12-31",
            "reported_currency": "USD",
            "gross_profit": 7444000000.0,
            "total_revenue": 34367000000.0,
            "cost_of_revenue": 17766000000.0,
            "cost_of_goods_and_services_sold": null,
            "operating_income": 415000000.0,
            "selling_general_and_administrative": 4562000000.0,
            "research_and_development": null,
            "operating_expenses": 7029000000.0,
            "investment_income_net": 2558000000.0,
            "net_interest_income": 14166000000.0,
            "interest_income": 19927000000.0,
            "interest_expense": 5761000000.0,
            "non_interest_income": 14440000000.0,
            "other_non_operating_income": null,
            "depreciation": null,
            "depreciation_and_amortization": 2139000000.0,
            "income_before_tax": 10886000000.0,
            "income_tax_expense": 2366000000.0,
            "interest_and_debt_expense": 5761000000.0,
            "net_income_from_continuing_operations": 8520000000.0,
            "comprehensive_income_net_of_tax": 8289000000.0,
            "ebit": 16647000000.0,
            "ebitda": -670000000.0,
            "net_income": 8520000000.0
        },
        {
            "fiscal_date_ending": "2020-03-31",
            "reported_currency": "USD",
            "gross_profit": -2528000000.0,
            "total_revenue": 33008000000.0,
            "cost_of_revenue": 25135000000.0,
            "cost_of_goods_and_services_sold": 3644000000.0,
            "operating_income": -9256000000.0,
            "selling_general_and_administrative": 4503000000.0,
            "research_and_development": null,
            "operating_expenses": 6728000000.0,
            "investment_income_net": 2533000000.0,
            "net_interest_income": 14439000000.0,
            "interest_income": 19161000000.0,
            "interest_expense": 4722000000.0,
            "non_interest_income": 13847000000.0,
            "other_non_operating_income": null,
            "depreciation": null,
            "depreciation_and_amortization": 2197000000.0,
            "income_before_tax": 3210000000.0,
            "income_tax_expense": 345000000.0,
            "interest_and_debt_expense": 4722000000.0,
            "net_income_from_continuing_operations": 2865000000.0,
            "comprehensive_income_net_of_tax": 8714000000.0,
            "ebit": 7932000000.0,
            "ebitda": -629000000.0,
            "net_income": 2865000000.0
        },
        {
            "fiscal_date_ending": "2020-06-30",
            "reported_currency": "USD",
            "gross_profit": -2451000000.0,
            "total_revenue": 35334000000.0,
            "cost_of_revenue": 27415000000.0,
            "cost_of_goods_and_services_sold": 3670000000.0,
            "operating_income": -8719000000.0,
            "selling_general_and_administrative": 4151000000.0,
            "research_and_development": null,
            "operating_expenses": 6268000000.0,
            "investment_income_net": 2461000000.0,
            "net_interest_income": 13853000000.0,
            "interest_income": 16112000000.0,
            "interest_expense": 2259000000.0,
            "non_interest_income": 19222000000.0,
            "other_non_operating_income": null,
            "depreciation": null,
            "depreciation_and_amortization": 2149000000.0,
            "income_before_tax": 5660000000.0,
            "income_tax_expense": 973000000.0,
            "interest_and_debt_expense": 2259000000.0,
            "net_income_from_continuing_operations": 4687000000.0,
            "comprehensive_income_net_of_tax": 6058000000.0,
            "ebit": 7919000000.0,
            "ebitda": -540000000.0,
            "net_income": 4687000000.0
        },
        {
            "fiscal_date_ending": "2020-09-30",
            "reported_currency": "USD",
            "gross_profit": 13453000000.0,
            "total_revenue": 30942000000.0,
            "cost_of_revenue": 17486000000.0,
            "cost_of_goods_and_services_sold": 3706000000.0,
            "operating_income": 6575000000.0,
            "selling_general_and_administrative": 4176000000.0,
            "research_and_development": null,
            "operating_expenses": 6878000000.0,
            "investment_income_net": 2110000000.0,
            "net_interest_income": 13013000000.0,
            "interest_income": 14700000000.0,
            "interest_expense": 1687000000.0,
            "non_interest_income": 16242000000.0,
            "other_non_operating_income": null,
            "depreciation": null,
            "depreciation_and_amortization": 2141000000.0,
            "income_before_tax": 11769000000.0,
            "income_tax_expense": 2326000000.0,
            "interest_and_debt_expense": 1687000000.0,
            "net_income_from_continuing_operations": 9443000000.0,
            "comprehensive_income_net_of_tax": 9594000000.0,
            "ebit": 13456000000.0,
            "ebitda": -952000000.0,
            "net_income": 9443000000.0
        },
        {
            "fiscal_date_ending": "2020-12-31",
            "reported_currency": "USD",
            "gross_profit": 26948000000.0,
            "total_revenue": 30627000000.0,
            "cost_of_revenue": 14159000000.0,
            "cost_of_goods_and_services_sold": null,
            "operating_income": 19936000000.0,
            "selling_general_and_administrative": 4492000000.0,
            "research_and_development": null,
            "operating_expenses": 7012000000.0,
            "investment_income_net": 1923000000.0,
            "net_interest_income": 13258000000.0,
            "interest_income": 14550000000.0,
            "interest_expense": 1292000000.0,
            "non_interest_income": 16077000000.0,
            "other_non_operating_income": null,
            "depreciation": null,
            "depreciation_and_amortization": 2127000000.0,
            "income_before_tax": 15176000000.0,
            "income_tax_expense": 3040000000.0,
            "interest_and_debt_expense": 1292000000.0,
            "net_income_from_continuing_operations": 12136000000.0,
            "comprehensive_income_net_of_tax": 11182000000.0,
            "ebit": 16468000000.0,
            "ebitda": -714000000.0,
            "net_income": 12136000000.0
        },
        {
            "fiscal_date_ending": "2021-03-31",
            "reported_currency": "USD",
            "gross_profit": 24269000000.0,
            "total_revenue": 33648000000.0,
            "cost_of_revenue": 14569000000.0,
            "cost_of_goods_and_services_sold": 3634000000.0,
            "operating_income": 17653000000.0,
            "selling_general_and_administrative": 4385000000.0,
            "research_and_development": null,
            "operating_expenses": 6616000000.0,
            "investment_income_net": 1882000000.0,
            "net_interest_income": 12889000000.0,
            "interest_income": 14271000000.0,
            "interest_expense": 1382000000.0,
            "non_interest_income": 19377000000.0,
            "other_non_operating_income": null,
            "depreciation": null,
            "depreciation_and_amortization": 2070000000.0,
            "income_before_tax": 17697000000.0,
            "income_tax_expense": 3397000000.0,
            "interest_and_debt_expense": 1382000000.0,
            "net_income_from_continuing_operations": 14300000000.0,
            "comprehensive_income_net_of_tax": 7355000000.0,
            "ebit": 19079000000.0,
            "ebitda": -477000000.0,
            "net_income": 14300000000.0
        },
        {
            "fiscal_date_ending": "2021-06-30",
            "reported_currency": "USD",
            "gross_profit": 19727000000.0,
            "total_revenue": 31832000000.0,
            "cost_of_revenue": 15382000000.0,
            "cost_of_goods_and_services_sold": 3578000000.0,
            "operating_income": 12953000000.0,
            "selling_general_and_administrative": 4204000000.0,
            "research_and_development": null,
            "operating_expenses": 6774000000.0,
            "investment_income_net": 1847000000.0,
            "net_interest_income": 12741000000.0,
            "interest_income": 14094000000.0,
            "interest_expense": 1353000000.0,
            "non_interest_income": 17738000000.0,
            "other_non_operating_income": null,
            "depreciation": null,
            "depreciation_and_amortization": 2003000000.0,
            "income_before_tax": 15097000000.0,
            "income_tax_expense": 3149000000.0,
            "interest_and_debt_expense": 1353000000.0,
            "net_income_from_continuing_operations": 11948000000.0,
            "comprehensive_income_net_of_tax": 13477000000.0,
            "ebit": 16450000000.0,
            "ebitda": -637000000.0,
            "net_income": 11948000000.0
        },
        {
            "fiscal_date_ending": "2021-09-30",
            "reported_currency": "USD",
            "gross_profit": 17881000000.0,
            "total_revenue": 31047000000.0,
            "cost_of_revenue": 15536000000.0,
            "cost_of_goods_and_services_sold": 3582000000.0,
            "operating_income": 10988000000.0,
            "selling_general_and_administrative": 4294000000.0,
            "research_and_development": null,
            "operating_expenses": 6893000000.0,
            "investment_income_net": 1815000000.0,
            "net_interest_income": 13080000000.0,
            "interest_income": 14480000000.0,
            "interest_expense": 1400000000.0,
            "non_interest_income": 16567000000.0,
            "other_non_operating_income": null,
            "depreciation": null,
            "depreciation_and_amortization": 1928000000.0,
            "income_before_tax": 14111000000.0,
            "income_tax_expense": 2424000000.0,
            "interest_and_debt_expense": 1400000000.0,
            "net_income_from_continuing_operations": 11687000000.0,
            "comprehensive_income_net_of_tax": 10080000000.0,
            "ebit": 15511000000.0,
            "ebitda": -534000000.0,
            "net_income": 11687000000.0
        },
        {
            "fiscal_date_ending": "2021-12-31",
            "reported_currency": "USD",
            "gross_profit": -2315000000.0,
            "total_revenue": 30675000000.0,
            "cost_of_revenue": 16600000000.0,
            "cost_of_goods_and_services_sold": 9814000000.0,
            "operating_income": -9765000000.0,
            "selling_general_and_administrative": 4610000000.0,
            "research_and_development": null,
            "operating_expenses": 7450000000.0,
            "investment_income_net": 1979000000.0,
            "net_interest_income": 13601000000.0,
            "interest_income": 15019000000.0,
            "interest_expense": 1418000000.0,
            "non_interest_income": 15656000000.0,
            "other_non_operating_income": null,
            "depreciation": null,
            "depreciation_and_amortization": 1931000000.0,
            "income_before_tax": 12657000000.0,
            "income_tax_expense": 2258000000.0,
            "interest_and_debt_expense": 1418000000.0,
            "net_income_from_continuing_operations": 10399000000.0,
            "comprehensive_income_net_of_tax": 9352000000.0,
            "ebit": 14075000000.0,
            "ebitda": -609000000.0,
            "net_income": 10399000000.0
        },
        {
            "fiscal_date_ending": "2022-03-31",
            "reported_currency": "USD",
            "gross_profit": 10828000000.0,
            "total_revenue": 32341000000.0,
            "cost_of_revenue": 20654000000.0,
            "cost_of_goods_and_services_sold": 3494000000.0,
            "operating_income": 3723000000.0,
            "selling_general_and_administrative": 4414000000.0,
            "research_and_development": null,
            "operating_expenses": 7105000000.0,
            "investment_income_net": 2224000000.0,
            "net_interest_income": 13872000000.0,
            "interest_income": 15496000000.0,
            "interest_expense": 1624000000.0,
            "non_interest_income": 16845000000.0,
            "other_non_operating_income": null,
            "depreciation": null,
            "depreciation_and_amortization": 1820000000.0,
            "income_before_tax": 10063000000.0,
            "income_tax_expense": 1781000000.0,
            "interest_and_debt_expense": 1624000000.0,
            "net_income_from_continuing_operations": 8282000000.0,
            "comprehensive_income_net_of_tax": -1201000000.0,
            "ebit": 11687000000.0,
            "ebitda": -556000000.0,
            "net_income": 8282000000.0
        },
        {
            "fiscal_date_ending": "2022-06-30",
            "reported_currency": "USD",
            "gross_profit": 11842000000.0,
            "total_revenue": 34233000000.0,
            "cost_of_revenue": 19850000000.0,
            "cost_of_goods_and_services_sold": 3505000000.0,
            "operating_income": 4914000000.0,
            "selling_general_and_administrative": 4386000000.0,
            "research_and_development": null,
            "operating_expenses": 6928000000.0,
            "investment_income_net": 2534000000.0,
            "net_interest_income": 15128000000.0,
            "interest_income": 18646000000.0,
            "interest_expense": 3518000000.0,
            "non_interest_income": 15587000000.0,
            "other_non_operating_income": null,
            "depreciation": null,
            "depreciation_and_amortization": 1789000000.0,
            "income_before_tax": 10865000000.0,
            "income_tax_expense": 2216000000.0,
            "interest_and_debt_expense": 3518000000.0,
            "net_income_from_continuing_operations": 8649000000.0,
            "comprehensive_income_net_of_tax": 3847000000.0,
            "ebit": 14383000000.0,
            "ebitda": -527000000.0,
            "net_income": 8649000000.0
        },
        {
            "fiscal_date_ending": "2022-09-30",
            "reported_currency": "USD",
            "gross_profit": 12373000000.0,
            "total_revenue": 40809000000.0,
            "cost_of_revenue": 20715000000.0,
            "cost_of_goods_and_services_sold": 3528000000.0,
            "operating_income": 5242000000.0,
            "selling_general_and_administrative": 4545000000.0,
            "research_and_development": null,
            "operating_expenses": 7131000000.0,
            "investment_income_net": 2932000000.0,
            "net_interest_income": 17518000000.0,
            "interest_income": 25611000000.0,
            "interest_expense": 8093000000.0,
            "non_interest_income": 15198000000.0,
            "other_non_operating_income": null,
            "depreciation": null,
            "depreciation_and_amortization": 1771000000.0,
            "income_before_tax": 12001000000.0,
            "income_tax_expense": 2264000000.0,
            "interest_and_debt_expense": 8093000000.0,
            "net_income_from_continuing_operations": 9737000000.0,
            "comprehensive_income_net_of_tax": 4972000000.0,
            "ebit": 20094000000.0,
            "ebitda": -529000000.0,
            "net_income": 9737000000.0
        },
        {
            "fiscal_date_ending": "2022-12-31",
            "reported_currency": "USD",
            "gross_profit": 11123000000.0,
            "total_revenue": 47409000000.0,
            "cost_of_revenue": 21310000000.0,
            "cost_of_goods_and_services_sold": null,
            "operating_income": 3882000000.0,
            "selling_general_and_administrative": 4620000000.0,
            "research_and_development": null,
            "operating_expenses": 7241000000.0,
            "investment_income_net": 3657000000.0,
            "net_interest_income": 20192000000.0,
            "interest_income": 33054000000.0,
            "interest_expense": 12862000000.0,
            "non_interest_income": 14355000000.0,
            "other_non_operating_income": null,
            "depreciation": null,
            "depreciation_and_amortization": 1671000000.0,
            "income_before_tax": 13237000000.0,
            "income_tax_expense": 2229000000.0,
            "interest_and_debt_expense": 12862000000.0,
            "net_income_from_continuing_operations": 11008000000.0,
            "comprehensive_income_net_of_tax": 12801000000.0,
            "ebit": 26099000000.0,
            "ebitda": 12826000000.0,
            "net_income": 11008000000.0
        },
        {
            "fiscal_date_ending": "2023-03-31",
            "reported_currency": "USD",
            "gross_profit": 15582000000.0,
            "total_revenue": 54642000000.0,
            "cost_of_revenue": 22382000000.0,
            "cost_of_goods_and_services_sold": 3299000000.0,
            "operating_income": 8614000000.0,
            "selling_general_and_administrative": 4344000000.0,
            "research_and_development": null,
            "operating_expenses": 6968000000.0,
            "investment_income_net": 4215000000.0,
            "net_interest_income": 20711000000.0,
            "interest_income": 37004000000.0,
            "interest_expense": 16293000000.0,
            "non_interest_income": 17638000000.0,
            "other_non_operating_income": null,
            "depreciation": null,
            "depreciation_and_amortization": 1649000000.0,
            "income_before_tax": 15967000000.0,
            "income_tax_expense": 3345000000.0,
            "interest_and_debt_expense": 16293000000.0,
            "net_income_from_continuing_operations": 12622000000.0,
            "comprehensive_income_net_of_tax": 15545000000.0,
            "ebit": 32260000000.0,
            "ebitda": -605000000.0,
            "net_income": 12622000000.0
        },
        {
            "fiscal_date_ending": "2023-06-30",
            "reported_currency": "USD",
            "gross_profit": 16513000000.0,
            "total_revenue": 61172000000.0,
            "cost_of_revenue": 23721000000.0,
            "cost_of_goods_and_services_sold": 3337000000.0,
            "operating_income": 8474000000.0,
            "selling_general_and_administrative": 4459000000.0,
            "research_and_development": null,
            "operating_expenses": 8039000000.0,
            "investment_income_net": 4537000000.0,
            "net_interest_income": 21779000000.0,
            "interest_income": 41644000000.0,
            "interest_expense": 19865000000.0,
            "non_interest_income": 19528000000.0,
            "other_non_operating_income": null,
            "depreciation": null,
            "depreciation_and_amortization": 507000000.0,
            "income_before_tax": 17586000000.0,
            "income_tax_expense": 3114000000.0,
            "interest_and_debt_expense": 19865000000.0,
            "net_income_from_continuing_operations": 14472000000.0,
            "comprehensive_income_net_of_tax": 14600000000.0,
            "ebit": 37451000000.0,
            "ebitda": 1819000000.0,
            "net_income": 14472000000.0
        },
        {
            "fiscal_date_ending": "2023-09-30",
            "reported_currency": "USD",
            "gross_profit": 17145000000.0,
            "total_revenue": 61704000000.0,
            "cost_of_revenue": 23141000000.0,
            "cost_of_goods_and_services_sold": 3583000000.0,
            "operating_income": 8907000000.0,
            "selling_general_and_administrative": 4709000000.0,
            "research_and_development": null,
            "operating_expenses": 8238000000.0,
            "investment_income_net": 4873000000.0,
            "net_interest_income": 22726000000.0,
            "interest_income": 44556000000.0,
            "interest_expense": 21830000000.0,
            "non_interest_income": 17148000000.0,
            "other_non_operating_income": null,
            "depreciation": null,
            "depreciation_and_amortization": 2019000000.0,
            "income_before_tax": 16733000000.0,
            "income_tax_expense": 3582000000.0,
            "interest_and_debt_expense": 21830000000.0,
            "net_income_from_continuing_operations": 13151000000.0,
            "comprehensive_income_net_of_tax": 10337000000.0,
            "ebit": 38563000000.0,
            "ebitda": -1031000000.0,
            "net_income": 13151000000.0
        },
        {
            "fiscal_date_ending": "2023-12-31",
            "reported_currency": "USD",
            "gross_profit": 12372000000.0,
            "total_revenue": 61907000000.0,
            "cost_of_revenue": 27248000000.0,
            "cost_of_goods_and_services_sold": null,
            "operating_income": 3820000000.0,
            "selling_general_and_administrative": 4915000000.0,
            "research_and_development": null,
            "operating_expenses": 8552000000.0,
            "investment_income_net": 5101000000.0,
            "net_interest_income": 24051000000.0,
            "interest_income": 47384000000.0,
            "interest_expense": 23333000000.0,
            "non_interest_income": 14523000000.0,
            "other_non_operating_income": null,
            "depreciation": null,
            "depreciation_and_amortization": 3337000000.0,
            "income_before_tax": 11326000000.0,
            "income_tax_expense": 2019000000.0,
            "interest_and_debt_expense": 23333000000.0,
            "net_income_from_continuing_operations": 9307000000.0,
            "comprehensive_income_net_of_tax": 15968000000.0,
            "ebit": 34659000000.0,
            "ebitda": 19467000000.0,
            "net_income": 9307000000.0
        },
        {
            "fiscal_date_ending": "2024-03-31",
            "reported_currency": "USD",
            "gross_profit": 17243000000.0,
            "total_revenue": 66290000000.0,
            "cost_of_revenue": 24641000000.0,
            "cost_of_goods_and_services_sold": 3632000000.0,
            "operating_income": 9590000000.0,
            "selling_general_and_administrative": 4792000000.0,
            "research_and_development": null,
            "operating_expenses": 7653000000.0,
            "investment_income_net": 5194000000.0,
            "net_interest_income": 23082000000.0,
            "interest_income": 47438000000.0,
            "interest_expense": 24356000000.0,
            "non_interest_income": 18852000000.0,
            "other_non_operating_income": null,
            "depreciation": null,
            "depreciation_and_amortization": 2004000000.0,
            "income_before_tax": 17293000000.0,
            "income_tax_expense": 3874000000.0,
            "interest_and_debt_expense": 24356000000.0,
            "net_income_from_continuing_operations": 13419000000.0,
            "comprehensive_income_net_of_tax": 12223000000.0,
            "ebit": 41649000000.0,
            "ebitda": 37142000000.0,
            "net_income": 13419000000.0
        },
        {
            "fiscal_date_ending": "2024-06-30",
            "reported_currency": "USD",
            "gross_profit": 22255000000.0,
            "total_revenue": 49020000000.0,
            "cost_of_revenue": 26765000000.0,
            "cost_of_goods_and_services_sold": 3695000000.0,
            "operating_income": 13902000000.0,
            "selling_general_and_administrative": 4916000000.0,
            "research_and_development": null,
            "operating_expenses": 8353000000.0,
            "investment_income_net": 5426000000.0,
            "net_interest_income": 22746000000.0,
            "interest_income": 48513000000.0,
            "interest_expense": 25767000000.0,
            "non_interest_income": 27454000000.0,
            "other_non_operating_income": null,
            "depreciation": null,
            "depreciation_and_amortization": 2002000000.0,
            "income_before_tax": 23435000000.0,
            "income_tax_expense": 5286000000.0,
            "interest_and_debt_expense": null,
            "net_income_from_continuing_operations": 18149000000.0,
            "comprehensive_income_net_of_tax": 18450000000.0,
            "ebit": 13902000000.0,
            "ebitda": 45284000000.0,
            "net_income": 18149000000.0
        },
        {
            "fiscal_date_ending": "2024-09-30",
            "reported_currency": "USD",
            "gross_profit": 15754000000.0,
            "total_revenue": 41430000000.0,
            "cost_of_revenue": 25676000000.0,
            "cost_of_goods_and_services_sold": 594000000.0,
            "operating_income": 7532000000.0,
            "selling_general_and_administrative": 4963000000.0,
            "research_and_development": null,
            "operating_expenses": 8222000000.0,
            "investment_income_net": 6147000000.0,
            "net_interest_income": 23405000000.0,
            "interest_income": 50416000000.0,
            "interest_expense": 27011000000.0,
            "non_interest_income": 19249000000.0,
            "other_non_operating_income": null,
            "depreciation": null,
            "depreciation_and_amortization": null,
            "income_before_tax": 16978000000.0,
            "income_tax_expense": 4080000000.0,
            "interest_and_debt_expense": null,
            "net_income_from_continuing_operations": 12898000000.0,
            "comprehensive_income_net_of_tax": 17452000000.0,
            "ebit": 7532000000.0,
            "ebitda": 16978000000.0,
            "net_income": 12898000000.0
        }
    ],
    "total_quarters": 66,
    "date_range": {
        "start": "2008-06-30",
        "end": "2024-09-30"
    }
}