{
    "symbol": "META",
    "quarterly_reports": [
        {
            "fiscal_date_ending": "2011-06-30",
            "reported_currency": "USD",
            "gross_profit": 685000000.0,
            "total_revenue": 895000000.0,
            "cost_of_revenue": 210000000.0,
            "cost_of_goods_and_services_sold": 210000000.0,
            "operating_income": 407000000.0,
            "selling_general_and_administrative": 83000000.0,
            "research_and_development": 99000000.0,
            "operating_expenses": 278000000.0,
            "investment_income_net": null,
            "net_interest_income": null,
            "interest_income": null,
            "interest_expense": 9000000.0,
            "non_interest_income": null,
            "other_non_operating_income": 1000000.0,
            "depreciation": null,
            "depreciation_and_amortization": 72000000.0,
            "income_before_tax": 399000000.0,
            "income_tax_expense": 159000000.0,
            "interest_and_debt_expense": null,
            "net_income_from_continuing_operations": null,
            "comprehensive_income_net_of_tax": 240000000.0,
            "ebit": 407000000.0,
            "ebitda": 479000000.0,
            "net_income": 240000000.0
        },
        {
            "fiscal_date_ending": "2011-09-30",
            "reported_currency": "USD",
            "gross_profit": 718000000.0,
            "total_revenue": 954000000.0,
            "cost_of_revenue": 236000000.0,
            "cost_of_goods_and_services_sold": 236000000.0,
            "operating_income": 414000000.0,
            "selling_general_and_administrative": 82000000.0,
            "research_and_development": 108000000.0,
            "operating_expenses": 304000000.0,
            "investment_income_net": null,
            "net_interest_income": null,
            "interest_income": null,
            "interest_expense": 10000000.0,
            "non_interest_income": null,
            "other_non_operating_income": -25000000.0,
            "depreciation": null,
            "depreciation_and_amortization": 97000000.0,
            "income_before_tax": 379000000.0,
            "income_tax_expense": 152000000.0,
            "interest_and_debt_expense": null,
            "net_income_from_continuing_operations": null,
            "comprehensive_income_net_of_tax": 225000000.0,
            "ebit": 414000000.0,
            "ebitda": 511000000.0,
            "net_income": 227000000.0
        },
        {
            "fiscal_date_ending": "2011-12-31",
            "reported_currency": "USD",
            "gross_profit": 884000000.0,
            "total_revenue": 1131000000.0,
            "cost_of_revenue": 247000000.0,
            "cost_of_goods_and_services_sold": 247000000.0,
            "operating_income": 547000000.0,
            "selling_general_and_administrative": 58000000.0,
            "research_and_development": 124000000.0,
            "operating_expenses": 337000000.0,
            "investment_income_net": null,
            "net_interest_income": null,
            "interest_income": null,
            "interest_expense": 16000000.0,
            "non_interest_income": null,
            "other_non_operating_income": null,
            "depreciation": null,
            "depreciation_and_amortization": 103000000.0,
            "income_before_tax": 519000000.0,
            "income_tax_expense": 217000000.0,
            "interest_and_debt_expense": null,
            "net_income_from_continuing_operations": null,
            "comprehensive_income_net_of_tax": 303000000.0,
            "ebit": 547000000.0,
            "ebitda": 650000000.0,
            "net_income": 302000000.0
        },
        {
            "fiscal_date_ending": "2012-03-31",
            "reported_currency": "USD",
            "gross_profit": 781000000.0,
            "total_revenue": 1058000000.0,
            "cost_of_revenue": 277000000.0,
            "cost_of_goods_and_services_sold": 277000000.0,
            "operating_income": 381000000.0,
            "selling_general_and_administrative": 88000000.0,
            "research_and_development": 153000000.0,
            "operating_expenses": 400000000.0,
            "investment_income_net": null,
            "net_interest_income": null,
            "interest_income": null,
            "interest_expense": 13000000.0,
            "non_interest_income": null,
            "other_non_operating_income": null,
            "depreciation": null,
            "depreciation_and_amortization": 110000000.0,
            "income_before_tax": 382000000.0,
            "income_tax_expense": 177000000.0,
            "interest_and_debt_expense": null,
            "net_income_from_continuing_operations": null,
            "comprehensive_income_net_of_tax": 204000000.0,
            "ebit": 381000000.0,
            "ebitda": 491000000.0,
            "net_income": 205000000.0
        },
        {
            "fiscal_date_ending": "2012-06-30",
            "reported_currency": "USD",
            "gross_profit": 817000000.0,
            "total_revenue": 1184000000.0,
            "cost_of_revenue": 367000000.0,
            "cost_of_goods_and_services_sold": 367000000.0,
            "operating_income": -743000000.0,
            "selling_general_and_administrative": 855000000.0,
            "research_and_development": 705000000.0,
            "operating_expenses": 1578000000.0,
            "investment_income_net": null,
            "net_interest_income": -10000000.0,
            "interest_income": null,
            "interest_expense": 10000000.0,
            "non_interest_income": null,
            "other_non_operating_income": -12000000.0,
            "depreciation": null,
            "depreciation_and_amortization": 8000000.0,
            "income_before_tax": -765000000.0,
            "income_tax_expense": -608000000.0,
            "interest_and_debt_expense": 10000000.0,
            "net_income_from_continuing_operations": -157000000.0,
            "comprehensive_income_net_of_tax": -179000000.0,
            "ebit": -755000000.0,
            "ebitda": -747000000.0,
            "net_income": -157000000.0
        },
        {
            "fiscal_date_ending": "2012-09-30",
            "reported_currency": "USD",
            "gross_profit": 940000000.0,
            "total_revenue": 1262000000.0,
            "cost_of_revenue": 322000000.0,
            "cost_of_goods_and_services_sold": 322000000.0,
            "operating_income": 377000000.0,
            "selling_general_and_administrative": 319000000.0,
            "research_and_development": 244000000.0,
            "operating_expenses": 605000000.0,
            "investment_income_net": null,
            "net_interest_income": -11000000.0,
            "interest_income": null,
            "interest_expense": 11000000.0,
            "non_interest_income": -12000000.0,
            "other_non_operating_income": 6000000.0,
            "depreciation": null,
            "depreciation_and_amortization": 31000000.0,
            "income_before_tax": 372000000.0,
            "income_tax_expense": 431000000.0,
            "interest_and_debt_expense": 11000000.0,
            "net_income_from_continuing_operations": -59000000.0,
            "comprehensive_income_net_of_tax": -36000000.0,
            "ebit": 383000000.0,
            "ebitda": 414000000.0,
            "net_income": -59000000.0
        },
        {
            "fiscal_date_ending": "2012-12-31",
            "reported_currency": "USD",
            "gross_profit": 1188000000.0,
            "total_revenue": 1585000000.0,
            "cost_of_revenue": 397000000.0,
            "cost_of_goods_and_services_sold": 398000000.0,
            "operating_income": 523000000.0,
            "selling_general_and_administrative": 368000000.0,
            "research_and_development": 297000000.0,
            "operating_expenses": 707000000.0,
            "investment_income_net": null,
            "net_interest_income": -16000000.0,
            "interest_income": null,
            "interest_expense": 16000000.0,
            "non_interest_income": -1000000.0,
            "other_non_operating_income": -7000000.0,
            "depreciation": null,
            "depreciation_and_amortization": 34000000.0,
            "income_before_tax": 505000000.0,
            "income_tax_expense": 441000000.0,
            "interest_and_debt_expense": 16000000.0,
            "net_income_from_continuing_operations": 64000000.0,
            "comprehensive_income_net_of_tax": 72000000.0,
            "ebit": 521000000.0,
            "ebitda": 555000000.0,
            "net_income": 64000000.0
        },
        {
            "fiscal_date_ending": "2013-03-31",
            "reported_currency": "USD",
            "gross_profit": 1045000000.0,
            "total_revenue": 1458000000.0,
            "cost_of_revenue": 413000000.0,
            "cost_of_goods_and_services_sold": 413000000.0,
            "operating_income": 373000000.0,
            "selling_general_and_administrative": 379000000.0,
            "research_and_development": 293000000.0,
            "operating_expenses": 711000000.0,
            "investment_income_net": null,
            "net_interest_income": -15000000.0,
            "interest_income": null,
            "interest_expense": 15000000.0,
            "non_interest_income": 9000000.0,
            "other_non_operating_income": -5000000.0,
            "depreciation": null,
            "depreciation_and_amortization": 33000000.0,
            "income_before_tax": 353000000.0,
            "income_tax_expense": 134000000.0,
            "interest_and_debt_expense": 15000000.0,
            "net_income_from_continuing_operations": 219000000.0,
            "comprehensive_income_net_of_tax": 202000000.0,
            "ebit": 368000000.0,
            "ebitda": 401000000.0,
            "net_income": 219000000.0
        },
        {
            "fiscal_date_ending": "2013-06-30",
            "reported_currency": "USD",
            "gross_profit": 1348000000.0,
            "total_revenue": 1813000000.0,
            "cost_of_revenue": 465000000.0,
            "cost_of_goods_and_services_sold": 465000000.0,
            "operating_income": 562000000.0,
            "selling_general_and_administrative": 442000000.0,
            "research_and_development": 344000000.0,
            "operating_expenses": 893000000.0,
            "investment_income_net": null,
            "net_interest_income": -14000000.0,
            "interest_income": null,
            "interest_expense": 14000000.0,
            "non_interest_income": 11000000.0,
            "other_non_operating_income": -3000000.0,
            "depreciation": null,
            "depreciation_and_amortization": 36000000.0,
            "income_before_tax": 545000000.0,
            "income_tax_expense": 212000000.0,
            "interest_and_debt_expense": 14000000.0,
            "net_income_from_continuing_operations": 333000000.0,
            "comprehensive_income_net_of_tax": 319000000.0,
            "ebit": 559000000.0,
            "ebitda": 595000000.0,
            "net_income": 333000000.0
        },
        {
            "fiscal_date_ending": "2013-09-30",
            "reported_currency": "USD",
            "gross_profit": 1509000000.0,
            "total_revenue": 2016000000.0,
            "cost_of_revenue": 507000000.0,
            "cost_of_goods_and_services_sold": 507000000.0,
            "operating_income": 736000000.0,
            "selling_general_and_administrative": 404000000.0,
            "research_and_development": 369000000.0,
            "operating_expenses": 831000000.0,
            "investment_income_net": null,
            "net_interest_income": -21000000.0,
            "interest_income": null,
            "interest_expense": 21000000.0,
            "non_interest_income": -59000000.0,
            "other_non_operating_income": 11000000.0,
            "depreciation": null,
            "depreciation_and_amortization": 37000000.0,
            "income_before_tax": 726000000.0,
            "income_tax_expense": 301000000.0,
            "interest_and_debt_expense": 21000000.0,
            "net_income_from_continuing_operations": 425000000.0,
            "comprehensive_income_net_of_tax": 466000000.0,
            "ebit": 747000000.0,
            "ebitda": 784000000.0,
            "net_income": 425000000.0
        },
        {
            "fiscal_date_ending": "2013-12-31",
            "reported_currency": "USD",
            "gross_profit": 2095000000.0,
            "total_revenue": 2586000000.0,
            "cost_of_revenue": 491000000.0,
            "cost_of_goods_and_services_sold": 491000000.0,
            "operating_income": 1132000000.0,
            "selling_general_and_administrative": 554000000.0,
            "research_and_development": 409000000.0,
            "operating_expenses": 1025000000.0,
            "investment_income_net": null,
            "net_interest_income": -6000000.0,
            "interest_income": null,
            "interest_expense": 6000000.0,
            "non_interest_income": -31000000.0,
            "other_non_operating_income": 3000000.0,
            "depreciation": null,
            "depreciation_and_amortization": 39000000.0,
            "income_before_tax": 1130000000.0,
            "income_tax_expense": 607000000.0,
            "interest_and_debt_expense": 6000000.0,
            "net_income_from_continuing_operations": 523000000.0,
            "comprehensive_income_net_of_tax": 524000000.0,
            "ebit": 1136000000.0,
            "ebitda": 1175000000.0,
            "net_income": 523000000.0
        },
        {
            "fiscal_date_ending": "2014-03-31",
            "reported_currency": "USD",
            "gross_profit": 2040000000.0,
            "total_revenue": 2502000000.0,
            "cost_of_revenue": 462000000.0,
            "cost_of_goods_and_services_sold": 462000000.0,
            "operating_income": 1075000000.0,
            "selling_general_and_administrative": 510000000.0,
            "research_and_development": 455000000.0,
            "operating_expenses": 1006000000.0,
            "investment_income_net": null,
            "net_interest_income": null,
            "interest_income": null,
            "interest_expense": null,
            "non_interest_income": null,
            "other_non_operating_income": null,
            "depreciation": null,
            "depreciation_and_amortization": 41000000.0,
            "income_before_tax": 1075000000.0,
            "income_tax_expense": 433000000.0,
            "interest_and_debt_expense": null,
            "net_income_from_continuing_operations": 642000000.0,
            "comprehensive_income_net_of_tax": 643000000.0,
            "ebit": 1075000000.0,
            "ebitda": 1116000000.0,
            "net_income": 642000000.0
        },
        {
            "fiscal_date_ending": "2014-06-30",
            "reported_currency": "USD",
            "gross_profit": 2437000000.0,
            "total_revenue": 2910000000.0,
            "cost_of_revenue": 473000000.0,
            "cost_of_goods_and_services_sold": 473000000.0,
            "operating_income": 1390000000.0,
            "selling_general_and_administrative": 555000000.0,
            "research_and_development": 492000000.0,
            "operating_expenses": 1088000000.0,
            "investment_income_net": null,
            "net_interest_income": null,
            "interest_income": null,
            "interest_expense": 4000000.0,
            "non_interest_income": null,
            "other_non_operating_income": -4000000.0,
            "depreciation": null,
            "depreciation_and_amortization": 41000000.0,
            "income_before_tax": 1386000000.0,
            "income_tax_expense": 595000000.0,
            "interest_and_debt_expense": null,
            "net_income_from_continuing_operations": 791000000.0,
            "comprehensive_income_net_of_tax": 771000000.0,
            "ebit": 1390000000.0,
            "ebitda": 1431000000.0,
            "net_income": 791000000.0
        },
        {
            "fiscal_date_ending": "2014-09-30",
            "reported_currency": "USD",
            "gross_profit": 2638000000.0,
            "total_revenue": 3203000000.0,
            "cost_of_revenue": 565000000.0,
            "cost_of_goods_and_services_sold": 565000000.0,
            "operating_income": 1397000000.0,
            "selling_general_and_administrative": 633000000.0,
            "research_and_development": 608000000.0,
            "operating_expenses": 1300000000.0,
            "investment_income_net": null,
            "net_interest_income": null,
            "interest_income": null,
            "interest_expense": 4000000.0,
            "non_interest_income": null,
            "other_non_operating_income": -61000000.0,
            "depreciation": null,
            "depreciation_and_amortization": 59000000.0,
            "income_before_tax": 1336000000.0,
            "income_tax_expense": 530000000.0,
            "interest_and_debt_expense": null,
            "net_income_from_continuing_operations": 806000000.0,
            "comprehensive_income_net_of_tax": 702000000.0,
            "ebit": 1397000000.0,
            "ebitda": 1456000000.0,
            "net_income": 806000000.0
        },
        {
            "fiscal_date_ending": "2014-12-31",
            "reported_currency": "USD",
            "gross_profit": 3199000000.0,
            "total_revenue": 3851000000.0,
            "cost_of_revenue": 652000000.0,
            "cost_of_goods_and_services_sold": 653000000.0,
            "operating_income": 1133000000.0,
            "selling_general_and_administrative": 955000000.0,
            "research_and_development": 1111000000.0,
            "operating_expenses": 2263000000.0,
            "investment_income_net": null,
            "net_interest_income": null,
            "interest_income": null,
            "interest_expense": 23000000.0,
            "non_interest_income": null,
            "other_non_operating_income": -19000000.0,
            "depreciation": null,
            "depreciation_and_amortization": 178000000.0,
            "income_before_tax": 1114000000.0,
            "income_tax_expense": 413000000.0,
            "interest_and_debt_expense": null,
            "net_income_from_continuing_operations": 701000000.0,
            "comprehensive_income_net_of_tax": 582000000.0,
            "ebit": 1133000000.0,
            "ebitda": 1311000000.0,
            "net_income": 701000000.0
        },
        {
            "fiscal_date_ending": "2015-03-31",
            "reported_currency": "USD",
            "gross_profit": 2889000000.0,
            "total_revenue": 3543000000.0,
            "cost_of_revenue": 654000000.0,
            "cost_of_goods_and_services_sold": 654000000.0,
            "operating_income": 933000000.0,
            "selling_general_and_administrative": 894000000.0,
            "research_and_development": 1062000000.0,
            "operating_expenses": 2135000000.0,
            "investment_income_net": null,
            "net_interest_income": null,
            "interest_income": null,
            "interest_expense": 2000000.0,
            "non_interest_income": null,
            "other_non_operating_income": -1000000.0,
            "depreciation": null,
            "depreciation_and_amortization": 179000000.0,
            "income_before_tax": 932000000.0,
            "income_tax_expense": 420000000.0,
            "interest_and_debt_expense": null,
            "net_income_from_continuing_operations": 512000000.0,
            "comprehensive_income_net_of_tax": 293000000.0,
            "ebit": 933000000.0,
            "ebitda": 1112000000.0,
            "net_income": 512000000.0
        },
        {
            "fiscal_date_ending": "2015-06-30",
            "reported_currency": "USD",
            "gross_profit": 3374000000.0,
            "total_revenue": 4042000000.0,
            "cost_of_revenue": 668000000.0,
            "cost_of_goods_and_services_sold": 668000000.0,
            "operating_income": 1273000000.0,
            "selling_general_and_administrative": 931000000.0,
            "research_and_development": 1170000000.0,
            "operating_expenses": 2281000000.0,
            "investment_income_net": null,
            "net_interest_income": null,
            "interest_income": null,
            "interest_expense": 5000000.0,
            "non_interest_income": null,
            "other_non_operating_income": null,
            "depreciation": null,
            "depreciation_and_amortization": 180000000.0,
            "income_before_tax": 1273000000.0,
            "income_tax_expense": 554000000.0,
            "interest_and_debt_expense": null,
            "net_income_from_continuing_operations": 719000000.0,
            "comprehensive_income_net_of_tax": 809000000.0,
            "ebit": 1273000000.0,
            "ebitda": 1453000000.0,
            "net_income": 719000000.0
        },
        {
            "fiscal_date_ending": "2015-09-30",
            "reported_currency": "USD",
            "gross_profit": 3781000000.0,
            "total_revenue": 4501000000.0,
            "cost_of_revenue": 720000000.0,
            "cost_of_goods_and_services_sold": 720000000.0,
            "operating_income": 1459000000.0,
            "selling_general_and_administrative": 1051000000.0,
            "research_and_development": 1271000000.0,
            "operating_expenses": 2502000000.0,
            "investment_income_net": null,
            "net_interest_income": null,
            "interest_income": null,
            "interest_expense": 7000000.0,
            "non_interest_income": null,
            "other_non_operating_income": -27000000.0,
            "depreciation": null,
            "depreciation_and_amortization": 180000000.0,
            "income_before_tax": 1432000000.0,
            "income_tax_expense": 536000000.0,
            "interest_and_debt_expense": null,
            "net_income_from_continuing_operations": 896000000.0,
            "comprehensive_income_net_of_tax": 873000000.0,
            "ebit": 1459000000.0,
            "ebitda": 1639000000.0,
            "net_income": 896000000.0
        },
        {
            "fiscal_date_ending": "2015-12-31",
            "reported_currency": "USD",
            "gross_profit": 5017000000.0,
            "total_revenue": 5841000000.0,
            "cost_of_revenue": 824000000.0,
            "cost_of_goods_and_services_sold": 824000000.0,
            "operating_income": 2560000000.0,
            "selling_general_and_administrative": 1143000000.0,
            "research_and_development": 1314000000.0,
            "operating_expenses": 2692000000.0,
            "investment_income_net": null,
            "net_interest_income": null,
            "interest_income": null,
            "interest_expense": 14000000.0,
            "non_interest_income": null,
            "other_non_operating_income": -3000000.0,
            "depreciation": null,
            "depreciation_and_amortization": 191000000.0,
            "income_before_tax": 2557000000.0,
            "income_tax_expense": 996000000.0,
            "interest_and_debt_expense": null,
            "net_income_from_continuing_operations": 1561000000.0,
            "comprehensive_income_net_of_tax": 1486000000.0,
            "ebit": 2560000000.0,
            "ebitda": 2751000000.0,
            "net_income": 1561000000.0
        },
        {
            "fiscal_date_ending": "2016-03-31",
            "reported_currency": "USD",
            "gross_profit": 4544000000.0,
            "total_revenue": 5382000000.0,
            "cost_of_revenue": 838000000.0,
            "cost_of_goods_and_services_sold": 838000000.0,
            "operating_income": 2010000000.0,
            "selling_general_and_administrative": 1192000000.0,
            "research_and_development": 1343000000.0,
            "operating_expenses": 2715000000.0,
            "investment_income_net": null,
            "net_interest_income": null,
            "interest_income": null,
            "interest_expense": 27000000.0,
            "non_interest_income": null,
            "other_non_operating_income": 56000000.0,
            "depreciation": null,
            "depreciation_and_amortization": 180000000.0,
            "income_before_tax": 2066000000.0,
            "income_tax_expense": 328000000.0,
            "interest_and_debt_expense": null,
            "net_income_from_continuing_operations": 1510000000.0,
            "comprehensive_income_net_of_tax": 1917000000.0,
            "ebit": 2010000000.0,
            "ebitda": 2190000000.0,
            "net_income": 1738000000.0
        },
        {
            "fiscal_date_ending": "2016-06-30",
            "reported_currency": "USD",
            "gross_profit": 5519000000.0,
            "total_revenue": 6436000000.0,
            "cost_of_revenue": 917000000.0,
            "cost_of_goods_and_services_sold": 916000000.0,
            "operating_income": 2734000000.0,
            "selling_general_and_administrative": 1311000000.0,
            "research_and_development": 1471000000.0,
            "operating_expenses": 2967000000.0,
            "investment_income_net": null,
            "net_interest_income": null,
            "interest_income": null,
            "interest_expense": 32000000.0,
            "non_interest_income": null,
            "other_non_operating_income": 20000000.0,
            "depreciation": null,
            "depreciation_and_amortization": 193000000.0,
            "income_before_tax": 2754000000.0,
            "income_tax_expense": 471000000.0,
            "interest_and_debt_expense": null,
            "net_income_from_continuing_operations": 2055000000.0,
            "comprehensive_income_net_of_tax": 2186000000.0,
            "ebit": 2734000000.0,
            "ebitda": 2927000000.0,
            "net_income": 2283000000.0
        },
        {
            "fiscal_date_ending": "2016-09-30",
            "reported_currency": "USD",
            "gross_profit": 6024000000.0,
            "total_revenue": 7011000000.0,
            "cost_of_revenue": 987000000.0,
            "cost_of_goods_and_services_sold": 987000000.0,
            "operating_income": 3117000000.0,
            "selling_general_and_administrative": 1363000000.0,
            "research_and_development": 1542000000.0,
            "operating_expenses": 3097000000.0,
            "investment_income_net": null,
            "net_interest_income": null,
            "interest_income": null,
            "interest_expense": 50000000.0,
            "non_interest_income": null,
            "other_non_operating_income": 47000000.0,
            "depreciation": null,
            "depreciation_and_amortization": 195000000.0,
            "income_before_tax": 3164000000.0,
            "income_tax_expense": 537000000.0,
            "interest_and_debt_expense": null,
            "net_income_from_continuing_operations": 2379000000.0,
            "comprehensive_income_net_of_tax": 2629000000.0,
            "ebit": 3117000000.0,
            "ebitda": 3312000000.0,
            "net_income": 2627000000.0
        },
        {
            "fiscal_date_ending": "2016-12-31",
            "reported_currency": "USD",
            "gross_profit": 7762000000.0,
            "total_revenue": 8809000000.0,
            "cost_of_revenue": 1047000000.0,
            "cost_of_goods_and_services_sold": 1047000000.0,
            "operating_income": 4567000000.0,
            "selling_general_and_administrative": 1636000000.0,
            "research_and_development": 1563000000.0,
            "operating_expenses": 3459000000.0,
            "investment_income_net": null,
            "net_interest_income": null,
            "interest_income": null,
            "interest_expense": 56000000.0,
            "non_interest_income": null,
            "other_non_operating_income": -32000000.0,
            "depreciation": null,
            "depreciation_and_amortization": 183000000.0,
            "income_before_tax": 4533000000.0,
            "income_tax_expense": 964000000.0,
            "interest_and_debt_expense": null,
            "net_income_from_continuing_operations": 4273000000.0,
            "comprehensive_income_net_of_tax": 3238000000.0,
            "ebit": 4567000000.0,
            "ebitda": 4750000000.0,
            "net_income": 3569000000.0
        },
        {
            "fiscal_date_ending": "2017-03-31",
            "reported_currency": "USD",
            "gross_profit": 6873000000.0,
            "total_revenue": 8032000000.0,
            "cost_of_revenue": 1159000000.0,
            "cost_of_goods_and_services_sold": 1159000000.0,
            "operating_income": 3327000000.0,
            "selling_general_and_administrative": 1712000000.0,
            "research_and_development": 1834000000.0,
            "operating_expenses": 3721000000.0,
            "investment_income_net": null,
            "net_interest_income": null,
            "interest_income": null,
            "interest_expense": 67000000.0,
            "non_interest_income": 8032000000.0,
            "other_non_operating_income": 81000000.0,
            "depreciation": null,
            "depreciation_and_amortization": 175000000.0,
            "income_before_tax": 3408000000.0,
            "income_tax_expense": 344000000.0,
            "interest_and_debt_expense": null,
            "net_income_from_continuing_operations": 3064000000.0,
            "comprehensive_income_net_of_tax": 3141000000.0,
            "ebit": 3327000000.0,
            "ebitda": 3502000000.0,
            "net_income": 3064000000.0
        },
        {
            "fiscal_date_ending": "2017-06-30",
            "reported_currency": "USD",
            "gross_profit": 8084000000.0,
            "total_revenue": 9321000000.0,
            "cost_of_revenue": 1237000000.0,
            "cost_of_goods_and_services_sold": 1237000000.0,
            "operating_income": 4401000000.0,
            "selling_general_and_administrative": 1764000000.0,
            "research_and_development": 1919000000.0,
            "operating_expenses": 3857000000.0,
            "investment_income_net": null,
            "net_interest_income": null,
            "interest_income": null,
            "interest_expense": 91000000.0,
            "non_interest_income": 9321000000.0,
            "other_non_operating_income": 87000000.0,
            "depreciation": null,
            "depreciation_and_amortization": 174000000.0,
            "income_before_tax": 4488000000.0,
            "income_tax_expense": 594000000.0,
            "interest_and_debt_expense": null,
            "net_income_from_continuing_operations": 3894000000.0,
            "comprehensive_income_net_of_tax": 4150000000.0,
            "ebit": 4401000000.0,
            "ebitda": 4575000000.0,
            "net_income": 3894000000.0
        },
        {
            "fiscal_date_ending": "2017-09-30",
            "reported_currency": "USD",
            "gross_profit": 8880000000.0,
            "total_revenue": 10328000000.0,
            "cost_of_revenue": 1448000000.0,
            "cost_of_goods_and_services_sold": 1448000000.0,
            "operating_income": 5122000000.0,
            "selling_general_and_administrative": 1706000000.0,
            "research_and_development": 2052000000.0,
            "operating_expenses": 3931000000.0,
            "investment_income_net": null,
            "net_interest_income": null,
            "interest_income": null,
            "interest_expense": 108000000.0,
            "non_interest_income": 10328000000.0,
            "other_non_operating_income": 114000000.0,
            "depreciation": null,
            "depreciation_and_amortization": 173000000.0,
            "income_before_tax": 5236000000.0,
            "income_tax_expense": 529000000.0,
            "interest_and_debt_expense": null,
            "net_income_from_continuing_operations": 4707000000.0,
            "comprehensive_income_net_of_tax": 4877000000.0,
            "ebit": 5122000000.0,
            "ebitda": 5295000000.0,
            "net_income": 4707000000.0
        },
        {
            "fiscal_date_ending": "2017-12-31",
            "reported_currency": "USD",
            "gross_profit": 11361000000.0,
            "total_revenue": 12972000000.0,
            "cost_of_revenue": 1611000000.0,
            "cost_of_goods_and_services_sold": 1611000000.0,
            "operating_income": 7352000000.0,
            "selling_general_and_administrative": 2060000000.0,
            "research_and_development": 1949000000.0,
            "operating_expenses": 4227000000.0,
            "investment_income_net": null,
            "net_interest_income": null,
            "interest_income": null,
            "interest_expense": 126000000.0,
            "non_interest_income": -27687000000.0,
            "other_non_operating_income": 109000000.0,
            "depreciation": null,
            "depreciation_and_amortization": 170000000.0,
            "income_before_tax": 7462000000.0,
            "income_tax_expense": 3193000000.0,
            "interest_and_debt_expense": null,
            "net_income_from_continuing_operations": 4269000000.0,
            "comprehensive_income_net_of_tax": 4242000000.0,
            "ebit": 7352000000.0,
            "ebitda": 7522000000.0,
            "net_income": 4269000000.0
        },
        {
            "fiscal_date_ending": "2018-03-31",
            "reported_currency": "USD",
            "gross_profit": 10039000000.0,
            "total_revenue": 11966000000.0,
            "cost_of_revenue": 1927000000.0,
            "cost_of_goods_and_services_sold": 1927000000.0,
            "operating_income": 5449000000.0,
            "selling_general_and_administrative": 2352000000.0,
            "research_and_development": 2238000000.0,
            "operating_expenses": 4759000000.0,
            "investment_income_net": null,
            "net_interest_income": null,
            "interest_income": null,
            "interest_expense": 145000000.0,
            "non_interest_income": 11966000000.0,
            "other_non_operating_income": 161000000.0,
            "depreciation": null,
            "depreciation_and_amortization": 169000000.0,
            "income_before_tax": 5610000000.0,
            "income_tax_expense": 622000000.0,
            "interest_and_debt_expense": null,
            "net_income_from_continuing_operations": 4988000000.0,
            "comprehensive_income_net_of_tax": 4921000000.0,
            "ebit": 5449000000.0,
            "ebitda": 5618000000.0,
            "net_income": 4988000000.0
        },
        {
            "fiscal_date_ending": "2018-06-30",
            "reported_currency": "USD",
            "gross_profit": 11017000000.0,
            "total_revenue": 13231000000.0,
            "cost_of_revenue": 2214000000.0,
            "cost_of_goods_and_services_sold": 2214000000.0,
            "operating_income": 5863000000.0,
            "selling_general_and_administrative": 2631000000.0,
            "research_and_development": 2523000000.0,
            "operating_expenses": 5312000000.0,
            "investment_income_net": null,
            "net_interest_income": null,
            "interest_income": null,
            "interest_expense": 143000000.0,
            "non_interest_income": 13231000000.0,
            "other_non_operating_income": 5000000.0,
            "depreciation": null,
            "depreciation_and_amortization": 158000000.0,
            "income_before_tax": 5868000000.0,
            "income_tax_expense": 762000000.0,
            "interest_and_debt_expense": null,
            "net_income_from_continuing_operations": 5106000000.0,
            "comprehensive_income_net_of_tax": 4713000000.0,
            "ebit": 5863000000.0,
            "ebitda": 6021000000.0,
            "net_income": 5106000000.0
        },
        {
            "fiscal_date_ending": "2018-09-30",
            "reported_currency": "USD",
            "gross_profit": 11309000000.0,
            "total_revenue": 13727000000.0,
            "cost_of_revenue": 2418000000.0,
            "cost_of_goods_and_services_sold": 2418000000.0,
            "operating_income": 5781000000.0,
            "selling_general_and_administrative": 2871000000.0,
            "research_and_development": 2657000000.0,
            "operating_expenses": 5684000000.0,
            "investment_income_net": null,
            "net_interest_income": null,
            "interest_income": null,
            "interest_expense": 176000000.0,
            "non_interest_income": 13727000000.0,
            "other_non_operating_income": 131000000.0,
            "depreciation": null,
            "depreciation_and_amortization": 156000000.0,
            "income_before_tax": 5912000000.0,
            "income_tax_expense": 775000000.0,
            "interest_and_debt_expense": null,
            "net_income_from_continuing_operations": 5137000000.0,
            "comprehensive_income_net_of_tax": 5078000000.0,
            "ebit": 5781000000.0,
            "ebitda": 5937000000.0,
            "net_income": 5137000000.0
        },
        {
            "fiscal_date_ending": "2018-12-31",
            "reported_currency": "USD",
            "gross_profit": 13896000000.0,
            "total_revenue": 16692000000.0,
            "cost_of_revenue": 2796000000.0,
            "cost_of_goods_and_services_sold": 2796000000.0,
            "operating_income": 7820000000.0,
            "selling_general_and_administrative": 3443000000.0,
            "research_and_development": 2855000000.0,
            "operating_expenses": 6532000000.0,
            "investment_income_net": null,
            "net_interest_income": null,
            "interest_income": null,
            "interest_expense": 187000000.0,
            "non_interest_income": 16701000000.0,
            "other_non_operating_income": 151000000.0,
            "depreciation": null,
            "depreciation_and_amortization": 157000000.0,
            "income_before_tax": 7971000000.0,
            "income_tax_expense": 1089000000.0,
            "interest_and_debt_expense": null,
            "net_income_from_continuing_operations": 6882000000.0,
            "comprehensive_income_net_of_tax": 6899000000.0,
            "ebit": 7820000000.0,
            "ebitda": 7977000000.0,
            "net_income": 6882000000.0
        },
        {
            "fiscal_date_ending": "2019-03-31",
            "reported_currency": "USD",
            "gross_profit": 12261000000.0,
            "total_revenue": 15077000000.0,
            "cost_of_revenue": 2816000000.0,
            "cost_of_goods_and_services_sold": 2816000000.0,
            "operating_income": 3317000000.0,
            "selling_general_and_administrative": 6084000000.0,
            "research_and_development": 2860000000.0,
            "operating_expenses": 9100000000.0,
            "investment_income_net": null,
            "net_interest_income": -2000000.0,
            "interest_income": 198000000.0,
            "interest_expense": 2000000.0,
            "non_interest_income": 15077000000.0,
            "other_non_operating_income": 165000000.0,
            "depreciation": 1200000000.0,
            "depreciation_and_amortization": 156000000.0,
            "income_before_tax": 3482000000.0,
            "income_tax_expense": 1053000000.0,
            "interest_and_debt_expense": 2000000.0,
            "net_income_from_continuing_operations": 2429000000.0,
            "comprehensive_income_net_of_tax": 2408000000.0,
            "ebit": 3317000000.0,
            "ebitda": 3640000000.0,
            "net_income": 2429000000.0
        },
        {
            "fiscal_date_ending": "2019-06-30",
            "reported_currency": "USD",
            "gross_profit": 13576000000.0,
            "total_revenue": 16883000000.0,
            "cost_of_revenue": 3307000000.0,
            "cost_of_goods_and_services_sold": 3307000000.0,
            "operating_income": 4626000000.0,
            "selling_general_and_administrative": 5638000000.0,
            "research_and_development": 3315000000.0,
            "operating_expenses": 9156000000.0,
            "investment_income_net": null,
            "net_interest_income": -3000000.0,
            "interest_income": 219000000.0,
            "interest_expense": 3000000.0,
            "non_interest_income": 16886000000.0,
            "other_non_operating_income": 206000000.0,
            "depreciation": 1340000000.0,
            "depreciation_and_amortization": 203000000.0,
            "income_before_tax": 4832000000.0,
            "income_tax_expense": 2216000000.0,
            "interest_and_debt_expense": 3000000.0,
            "net_income_from_continuing_operations": 2616000000.0,
            "comprehensive_income_net_of_tax": 2914000000.0,
            "ebit": 4626000000.0,
            "ebitda": 5038000000.0,
            "net_income": 2616000000.0
        },
        {
            "fiscal_date_ending": "2019-09-30",
            "reported_currency": "USD",
            "gross_profit": 14493000000.0,
            "total_revenue": 17648000000.0,
            "cost_of_revenue": 3155000000.0,
            "cost_of_goods_and_services_sold": 3155000000.0,
            "operating_income": 7185000000.0,
            "selling_general_and_administrative": 3764000000.0,
            "research_and_development": 3548000000.0,
            "operating_expenses": 7508000000.0,
            "investment_income_net": null,
            "net_interest_income": -4000000.0,
            "interest_income": 258000000.0,
            "interest_expense": 4000000.0,
            "non_interest_income": 17652000000.0,
            "other_non_operating_income": 144000000.0,
            "depreciation": 1270000000.0,
            "depreciation_and_amortization": 196000000.0,
            "income_before_tax": 7329000000.0,
            "income_tax_expense": 1238000000.0,
            "interest_and_debt_expense": 4000000.0,
            "net_income_from_continuing_operations": 6091000000.0,
            "comprehensive_income_net_of_tax": 5725000000.0,
            "ebit": 7185000000.0,
            "ebitda": 7529000000.0,
            "net_income": 6091000000.0
        },
        {
            "fiscal_date_ending": "2019-12-31",
            "reported_currency": "USD",
            "gross_profit": 17475000000.0,
            "total_revenue": 20966000000.0,
            "cost_of_revenue": 3491000000.0,
            "cost_of_goods_and_services_sold": 3492000000.0,
            "operating_income": 8858000000.0,
            "selling_general_and_administrative": 4855000000.0,
            "research_and_development": 3878000000.0,
            "operating_expenses": 8893000000.0,
            "investment_income_net": null,
            "net_interest_income": -11000000.0,
            "interest_income": 249000000.0,
            "interest_expense": 11000000.0,
            "non_interest_income": 20977000000.0,
            "other_non_operating_income": 311000000.0,
            "depreciation": 1360000000.0,
            "depreciation_and_amortization": 160000000.0,
            "income_before_tax": 9169000000.0,
            "income_tax_expense": 1820000000.0,
            "interest_and_debt_expense": 11000000.0,
            "net_income_from_continuing_operations": 7349000000.0,
            "comprehensive_income_net_of_tax": 7709000000.0,
            "ebit": 8858000000.0,
            "ebitda": 9340000000.0,
            "net_income": 7349000000.0
        },
        {
            "fiscal_date_ending": "2020-03-31",
            "reported_currency": "USD",
            "gross_profit": 14275000000.0,
            "total_revenue": 17734000000.0,
            "cost_of_revenue": 3459000000.0,
            "cost_of_goods_and_services_sold": 3459000000.0,
            "operating_income": 5893000000.0,
            "selling_general_and_administrative": 4370000000.0,
            "research_and_development": 4015000000.0,
            "operating_expenses": 8753000000.0,
            "investment_income_net": null,
            "net_interest_income": -3000000.0,
            "interest_income": 228000000.0,
            "interest_expense": 3000000.0,
            "non_interest_income": 17737000000.0,
            "other_non_operating_income": -32000000.0,
            "depreciation": 1490000000.0,
            "depreciation_and_amortization": 171000000.0,
            "income_before_tax": 5861000000.0,
            "income_tax_expense": 959000000.0,
            "interest_and_debt_expense": 3000000.0,
            "net_income_from_continuing_operations": 4902000000.0,
            "comprehensive_income_net_of_tax": 4847000000.0,
            "ebit": 5893000000.0,
            "ebitda": 6035000000.0,
            "net_income": 4902000000.0
        },
        {
            "fiscal_date_ending": "2020-06-30",
            "reported_currency": "USD",
            "gross_profit": 14854000000.0,
            "total_revenue": 18683000000.0,
            "cost_of_revenue": 3829000000.0,
            "cost_of_goods_and_services_sold": 3829000000.0,
            "operating_income": 5963000000.0,
            "selling_general_and_administrative": 4433000000.0,
            "research_and_development": 4462000000.0,
            "operating_expenses": 9073000000.0,
            "investment_income_net": null,
            "net_interest_income": -4000000.0,
            "interest_income": 162000000.0,
            "interest_expense": 4000000.0,
            "non_interest_income": 18687000000.0,
            "other_non_operating_income": 168000000.0,
            "depreciation": 1580000000.0,
            "depreciation_and_amortization": 178000000.0,
            "income_before_tax": 6131000000.0,
            "income_tax_expense": 953000000.0,
            "interest_and_debt_expense": 4000000.0,
            "net_income_from_continuing_operations": 5178000000.0,
            "comprehensive_income_net_of_tax": 5580000000.0,
            "ebit": 5963000000.0,
            "ebitda": 6313000000.0,
            "net_income": 5178000000.0
        },
        {
            "fiscal_date_ending": "2020-09-30",
            "reported_currency": "USD",
            "gross_profit": 17272000000.0,
            "total_revenue": 21466000000.0,
            "cost_of_revenue": 4194000000.0,
            "cost_of_goods_and_services_sold": 4194000000.0,
            "operating_income": 8040000000.0,
            "selling_general_and_administrative": 4473000000.0,
            "research_and_development": 4763000000.0,
            "operating_expenses": 9424000000.0,
            "investment_income_net": null,
            "net_interest_income": -4000000.0,
            "interest_income": 146000000.0,
            "interest_expense": 4000000.0,
            "non_interest_income": 21470000000.0,
            "other_non_operating_income": 93000000.0,
            "depreciation": 1580000000.0,
            "depreciation_and_amortization": 188000000.0,
            "income_before_tax": 8133000000.0,
            "income_tax_expense": 287000000.0,
            "interest_and_debt_expense": 4000000.0,
            "net_income_from_continuing_operations": 7846000000.0,
            "comprehensive_income_net_of_tax": 8296000000.0,
            "ebit": 8040000000.0,
            "ebitda": 8325000000.0,
            "net_income": 7846000000.0
        },
        {
            "fiscal_date_ending": "2020-12-31",
            "reported_currency": "USD",
            "gross_profit": 22730000000.0,
            "total_revenue": 27940000000.0,
            "cost_of_revenue": 5210000000.0,
            "cost_of_goods_and_services_sold": 5210000000.0,
            "operating_income": 12775000000.0,
            "selling_general_and_administrative": 4880000000.0,
            "research_and_development": 5207000000.0,
            "operating_expenses": 10282000000.0,
            "investment_income_net": null,
            "net_interest_income": -3000000.0,
            "interest_income": 136000000.0,
            "interest_expense": 3000000.0,
            "non_interest_income": 27943000000.0,
            "other_non_operating_income": 280000000.0,
            "depreciation": 1740000000.0,
            "depreciation_and_amortization": 195000000.0,
            "income_before_tax": 13055000000.0,
            "income_tax_expense": 1836000000.0,
            "interest_and_debt_expense": 3000000.0,
            "net_income_from_continuing_operations": 11219000000.0,
            "comprehensive_income_net_of_tax": 11838000000.0,
            "ebit": 12775000000.0,
            "ebitda": 13253000000.0,
            "net_income": 11219000000.0
        },
        {
            "fiscal_date_ending": "2021-03-31",
            "reported_currency": "USD",
            "gross_profit": 21036000000.0,
            "total_revenue": 26167000000.0,
            "cost_of_revenue": 5131000000.0,
            "cost_of_goods_and_services_sold": 5131000000.0,
            "operating_income": 11378000000.0,
            "selling_general_and_administrative": 4465000000.0,
            "research_and_development": 5197000000.0,
            "operating_expenses": 9861000000.0,
            "investment_income_net": null,
            "net_interest_income": -4000000.0,
            "interest_income": 118000000.0,
            "interest_expense": 4000000.0,
            "non_interest_income": 26171000000.0,
            "other_non_operating_income": 125000000.0,
            "depreciation": 1850000000.0,
            "depreciation_and_amortization": 199000000.0,
            "income_before_tax": 11503000000.0,
            "income_tax_expense": 2006000000.0,
            "interest_and_debt_expense": 4000000.0,
            "net_income_from_continuing_operations": 9497000000.0,
            "comprehensive_income_net_of_tax": 8724000000.0,
            "ebit": 11378000000.0,
            "ebitda": 11706000000.0,
            "net_income": 9497000000.0
        },
        {
            "fiscal_date_ending": "2021-06-30",
            "reported_currency": "USD",
            "gross_profit": 23674000000.0,
            "total_revenue": 29073000000.0,
            "cost_of_revenue": 5399000000.0,
            "cost_of_goods_and_services_sold": 5399000000.0,
            "operating_income": 12367000000.0,
            "selling_general_and_administrative": 5215000000.0,
            "research_and_development": 6096000000.0,
            "operating_expenses": 11516000000.0,
            "investment_income_net": null,
            "net_interest_income": -4000000.0,
            "interest_income": 121000000.0,
            "interest_expense": 4000000.0,
            "non_interest_income": 29077000000.0,
            "other_non_operating_income": 146000000.0,
            "depreciation": 1860000000.0,
            "depreciation_and_amortization": 205000000.0,
            "income_before_tax": 12513000000.0,
            "income_tax_expense": 2119000000.0,
            "interest_and_debt_expense": 4000000.0,
            "net_income_from_continuing_operations": 10394000000.0,
            "comprehensive_income_net_of_tax": 10525000000.0,
            "ebit": 12367000000.0,
            "ebitda": 12722000000.0,
            "net_income": 10394000000.0
        },
        {
            "fiscal_date_ending": "2021-09-30",
            "reported_currency": "USD",
            "gross_profit": 23235000000.0,
            "total_revenue": 29006000000.0,
            "cost_of_revenue": 5771000000.0,
            "cost_of_goods_and_services_sold": 5771000000.0,
            "operating_income": 10423000000.0,
            "selling_general_and_administrative": 6500000000.0,
            "research_and_development": 6316000000.0,
            "operating_expenses": 13028000000.0,
            "investment_income_net": null,
            "net_interest_income": -4000000.0,
            "interest_income": 120000000.0,
            "interest_expense": 4000000.0,
            "non_interest_income": 29010000000.0,
            "other_non_operating_income": 142000000.0,
            "depreciation": 1870000000.0,
            "depreciation_and_amortization": 212000000.0,
            "income_before_tax": 10565000000.0,
            "income_tax_expense": 1371000000.0,
            "interest_and_debt_expense": 4000000.0,
            "net_income_from_continuing_operations": 9194000000.0,
            "comprehensive_income_net_of_tax": 8702000000.0,
            "ebit": 10423000000.0,
            "ebitda": 10781000000.0,
            "net_income": 9194000000.0
        },
        {
            "fiscal_date_ending": "2021-12-31",
            "reported_currency": "USD",
            "gross_profit": 27179000000.0,
            "total_revenue": 33527000000.0,
            "cost_of_revenue": 6348000000.0,
            "cost_of_goods_and_services_sold": 6348000000.0,
            "operating_income": 12585000000.0,
            "selling_general_and_administrative": 7692000000.0,
            "research_and_development": 7046000000.0,
            "operating_expenses": 14873000000.0,
            "investment_income_net": null,
            "net_interest_income": -4000000.0,
            "interest_income": 117000000.0,
            "interest_expense": 4000000.0,
            "non_interest_income": 33531000000.0,
            "other_non_operating_income": 118000000.0,
            "depreciation": 1970000000.0,
            "depreciation_and_amortization": 135000000.0,
            "income_before_tax": 12703000000.0,
            "income_tax_expense": 2418000000.0,
            "interest_and_debt_expense": 4000000.0,
            "net_income_from_continuing_operations": 10285000000.0,
            "comprehensive_income_net_of_tax": 9799000000.0,
            "ebit": 12585000000.0,
            "ebitda": 12842000000.0,
            "net_income": 10285000000.0
        },
        {
            "fiscal_date_ending": "2022-03-31",
            "reported_currency": "USD",
            "gross_profit": 21899000000.0,
            "total_revenue": 27904000000.0,
            "cost_of_revenue": 6005000000.0,
            "cost_of_goods_and_services_sold": 6005000000.0,
            "operating_income": 8524000000.0,
            "selling_general_and_administrative": 5672000000.0,
            "research_and_development": 7707000000.0,
            "operating_expenses": 13517000000.0,
            "investment_income_net": null,
            "net_interest_income": -4000000.0,
            "interest_income": 384000000.0,
            "interest_expense": 4000000.0,
            "non_interest_income": 27908000000.0,
            "other_non_operating_income": 384000000.0,
            "depreciation": 2120000000.0,
            "depreciation_and_amortization": 138000000.0,
            "income_before_tax": 8908000000.0,
            "income_tax_expense": 1443000000.0,
            "interest_and_debt_expense": 4000000.0,
            "net_income_from_continuing_operations": 7465000000.0,
            "comprehensive_income_net_of_tax": 6162000000.0,
            "ebit": 8524000000.0,
            "ebitda": 9050000000.0,
            "net_income": 7465000000.0
        },
        {
            "fiscal_date_ending": "2022-06-30",
            "reported_currency": "USD",
            "gross_profit": 23626000000.0,
            "total_revenue": 28818000000.0,
            "cost_of_revenue": 5192000000.0,
            "cost_of_goods_and_services_sold": 5192000000.0,
            "operating_income": 8358000000.0,
            "selling_general_and_administrative": 6582000000.0,
            "research_and_development": 8690000000.0,
            "operating_expenses": 15420000000.0,
            "investment_income_net": null,
            "net_interest_income": -4000000.0,
            "interest_income": 91000000.0,
            "interest_expense": 4000000.0,
            "non_interest_income": 28822000000.0,
            "other_non_operating_income": -172000000.0,
            "depreciation": 1930000000.0,
            "depreciation_and_amortization": 148000000.0,
            "income_before_tax": 8186000000.0,
            "income_tax_expense": 1499000000.0,
            "interest_and_debt_expense": 4000000.0,
            "net_income_from_continuing_operations": 6687000000.0,
            "comprehensive_income_net_of_tax": 5272000000.0,
            "ebit": 8358000000.0,
            "ebitda": 8338000000.0,
            "net_income": 6687000000.0
        },
        {
            "fiscal_date_ending": "2022-09-30",
            "reported_currency": "USD",
            "gross_profit": 21994000000.0,
            "total_revenue": 27710000000.0,
            "cost_of_revenue": 5716000000.0,
            "cost_of_goods_and_services_sold": 5716000000.0,
            "operating_income": 5664000000.0,
            "selling_general_and_administrative": 7164000000.0,
            "research_and_development": 9170000000.0,
            "operating_expenses": 17237000000.0,
            "investment_income_net": null,
            "net_interest_income": -4000000.0,
            "interest_income": 77000000.0,
            "interest_expense": 4000000.0,
            "non_interest_income": 27714000000.0,
            "other_non_operating_income": -88000000.0,
            "depreciation": 2130000000.0,
            "depreciation_and_amortization": 137000000.0,
            "income_before_tax": 5576000000.0,
            "income_tax_expense": 1181000000.0,
            "interest_and_debt_expense": 4000000.0,
            "net_income_from_continuing_operations": 4395000000.0,
            "comprehensive_income_net_of_tax": 2752000000.0,
            "ebit": 5664000000.0,
            "ebitda": 5717000000.0,
            "net_income": 4395000000.0
        },
        {
            "fiscal_date_ending": "2022-12-31",
            "reported_currency": "USD",
            "gross_profit": 23584000000.0,
            "total_revenue": 31920000000.0,
            "cost_of_revenue": 8336000000.0,
            "cost_of_goods_and_services_sold": 8336000000.0,
            "operating_income": 6399000000.0,
            "selling_general_and_administrative": 7659000000.0,
            "research_and_development": 9771000000.0,
            "operating_expenses": 17159000000.0,
            "investment_income_net": null,
            "net_interest_income": -164000000.0,
            "interest_income": 9000000.0,
            "interest_expense": 164000000.0,
            "non_interest_income": 32084000000.0,
            "other_non_operating_income": -249000000.0,
            "depreciation": 2330000000.0,
            "depreciation_and_amortization": 142000000.0,
            "income_before_tax": 6149000000.0,
            "income_tax_expense": 1496000000.0,
            "interest_and_debt_expense": 164000000.0,
            "net_income_from_continuing_operations": 4653000000.0,
            "comprehensive_income_net_of_tax": 6177000000.0,
            "ebit": 6399000000.0,
            "ebitda": 6455000000.0,
            "net_income": 4653000000.0
        },
        {
            "fiscal_date_ending": "2023-03-31",
            "reported_currency": "USD",
            "gross_profit": 22483000000.0,
            "total_revenue": 28591000000.0,
            "cost_of_revenue": 6108000000.0,
            "cost_of_goods_and_services_sold": 6108000000.0,
            "operating_income": 7227000000.0,
            "selling_general_and_administrative": 5929000000.0,
            "research_and_development": 9381000000.0,
            "operating_expenses": 16231000000.0,
            "investment_income_net": null,
            "net_interest_income": -54000000.0,
            "interest_income": 193000000.0,
            "interest_expense": 54000000.0,
            "non_interest_income": 28645000000.0,
            "other_non_operating_income": 80000000.0,
            "depreciation": 2480000000.0,
            "depreciation_and_amortization": 151000000.0,
            "income_before_tax": 7307000000.0,
            "income_tax_expense": 1598000000.0,
            "interest_and_debt_expense": 54000000.0,
            "net_income_from_continuing_operations": 5709000000.0,
            "comprehensive_income_net_of_tax": 6258000000.0,
            "ebit": 7227000000.0,
            "ebitda": 7512000000.0,
            "net_income": 5709000000.0
        },
        {
            "fiscal_date_ending": "2023-06-30",
            "reported_currency": "USD",
            "gross_profit": 25939000000.0,
            "total_revenue": 31884000000.0,
            "cost_of_revenue": 5945000000.0,
            "cost_of_goods_and_services_sold": 5945000000.0,
            "operating_income": 9392000000.0,
            "selling_general_and_administrative": 7318000000.0,
            "research_and_development": 9344000000.0,
            "operating_expenses": 16787000000.0,
            "investment_income_net": null,
            "net_interest_income": -115000000.0,
            "interest_income": 323000000.0,
            "interest_expense": 115000000.0,
            "non_interest_income": 31999000000.0,
            "other_non_operating_income": -99000000.0,
            "depreciation": 2580000000.0,
            "depreciation_and_amortization": 125000000.0,
            "income_before_tax": 9293000000.0,
            "income_tax_expense": 1505000000.0,
            "interest_and_debt_expense": 115000000.0,
            "net_income_from_continuing_operations": 7788000000.0,
            "comprehensive_income_net_of_tax": 7663000000.0,
            "ebit": 9392000000.0,
            "ebitda": 9533000000.0,
            "net_income": 7788000000.0
        },
        {
            "fiscal_date_ending": "2023-09-30",
            "reported_currency": "USD",
            "gross_profit": 27799000000.0,
            "total_revenue": 34009000000.0,
            "cost_of_revenue": 6210000000.0,
            "cost_of_goods_and_services_sold": 6210000000.0,
            "operating_income": 13748000000.0,
            "selling_general_and_administrative": 4947000000.0,
            "research_and_development": 9241000000.0,
            "operating_expenses": 14300000000.0,
            "investment_income_net": null,
            "net_interest_income": -137000000.0,
            "interest_income": 534000000.0,
            "interest_expense": 137000000.0,
            "non_interest_income": 34146000000.0,
            "other_non_operating_income": null,
            "depreciation": 2830000000.0,
            "depreciation_and_amortization": 112000000.0,
            "income_before_tax": 14020000000.0,
            "income_tax_expense": 2437000000.0,
            "interest_and_debt_expense": 137000000.0,
            "net_income_from_continuing_operations": 11583000000.0,
            "comprehensive_income_net_of_tax": 11133000000.0,
            "ebit": 13748000000.0,
            "ebitda": 14269000000.0,
            "net_income": 11583000000.0
        },
        {
            "fiscal_date_ending": "2023-12-31",
            "reported_currency": "USD",
            "gross_profit": 31910000000.0,
            "total_revenue": 39605000000.0,
            "cost_of_revenue": 7695000000.0,
            "cost_of_goods_and_services_sold": 7695000000.0,
            "operating_income": 16384000000.0,
            "selling_general_and_administrative": 5515000000.0,
            "research_and_development": 10517000000.0,
            "operating_expenses": 17245000000.0,
            "investment_income_net": null,
            "net_interest_income": -140000000.0,
            "interest_income": 588000000.0,
            "interest_expense": 140000000.0,
            "non_interest_income": 39745000000.0,
            "other_non_operating_income": null,
            "depreciation": 3140000000.0,
            "depreciation_and_amortization": 123000000.0,
            "income_before_tax": 16807000000.0,
            "income_tax_expense": 2790000000.0,
            "interest_and_debt_expense": 140000000.0,
            "net_income_from_continuing_operations": 14017000000.0,
            "comprehensive_income_net_of_tax": 15418000000.0,
            "ebit": 16384000000.0,
            "ebitda": 17070000000.0,
            "net_income": 14017000000.0
        },
        {
            "fiscal_date_ending": "2024-03-31",
            "reported_currency": "USD",
            "gross_profit": 29815000000.0,
            "total_revenue": 36455000000.0,
            "cost_of_revenue": 6640000000.0,
            "cost_of_goods_and_services_sold": 6640000000.0,
            "operating_income": 13818000000.0,
            "selling_general_and_administrative": 6019000000.0,
            "research_and_development": 9978000000.0,
            "operating_expenses": 16237000000.0,
            "investment_income_net": null,
            "net_interest_income": 513000000.0,
            "interest_income": 585000000.0,
            "interest_expense": 127000000.0,
            "non_interest_income": 36455000000.0,
            "other_non_operating_income": null,
            "depreciation": 3330000000.0,
            "depreciation_and_amortization": 3374000000.0,
            "income_before_tax": 14183000000.0,
            "income_tax_expense": 1814000000.0,
            "interest_and_debt_expense": null,
            "net_income_from_continuing_operations": 12369000000.0,
            "comprehensive_income_net_of_tax": 11869000000.0,
            "ebit": 13818000000.0,
            "ebitda": 17684000000.0,
            "net_income": 12369000000.0
        },
        {
            "fiscal_date_ending": "2024-06-30",
            "reported_currency": "USD",
            "gross_profit": 31763000000.0,
            "total_revenue": 39071000000.0,
            "cost_of_revenue": 7308000000.0,
            "cost_of_goods_and_services_sold": 7308000000.0,
            "operating_income": 14847000000.0,
            "selling_general_and_administrative": 6379000000.0,
            "research_and_development": 10537000000.0,
            "operating_expenses": 16916000000.0,
            "investment_income_net": null,
            "net_interest_income": 427000000.0,
            "interest_income": 540000000.0,
            "interest_expense": 128000000.0,
            "non_interest_income": 39071000000.0,
            "other_non_operating_income": null,
            "depreciation": 3580000000.0,
            "depreciation_and_amortization": 3637000000.0,
            "income_before_tax": 15106000000.0,
            "income_tax_expense": 1641000000.0,
            "interest_and_debt_expense": null,
            "net_income_from_continuing_operations": 13465000000.0,
            "comprehensive_income_net_of_tax": 13425000000.0,
            "ebit": 14847000000.0,
            "ebitda": 18525000000.0,
            "net_income": 13465000000.0
        },
        {
            "fiscal_date_ending": "2024-09-30",
            "reported_currency": "USD",
            "gross_profit": 33214000000.0,
            "total_revenue": 40589000000.0,
            "cost_of_revenue": 7375000000.0,
            "cost_of_goods_and_services_sold": 7375000000.0,
            "operating_income": 17350000000.0,
            "selling_general_and_administrative": 4687000000.0,
            "research_and_development": 11177000000.0,
            "operating_expenses": 15864000000.0,
            "investment_income_net": null,
            "net_interest_income": 461000000.0,
            "interest_income": 661000000.0,
            "interest_expense": 200000000.0,
            "non_interest_income": 40589000000.0,
            "other_non_operating_income": null,
            "depreciation": 3960000000.0,
            "depreciation_and_amortization": 4027000000.0,
            "income_before_tax": 17822000000.0,
            "income_tax_expense": 2134000000.0,
            "interest_and_debt_expense": 200000000.0,
            "net_income_from_continuing_operations": 15688000000.0,
            "comprehensive_income_net_of_tax": 17191000000.0,
            "ebit": 17350000000.0,
            "ebitda": 22057000000.0,
            "net_income": 15688000000.0
        },
        {
            "fiscal_date_ending": "2024-12-31",
            "reported_currency": "USD",
            "gross_profit": 38856000000.0,
            "total_revenue": 47695000000.0,
            "cost_of_revenue": 8839000000.0,
            "cost_of_goods_and_services_sold": 8839000000.0,
            "operating_income": 23364000000.0,
            "selling_general_and_administrative": 4002000000.0,
            "research_and_development": 12180000000.0,
            "operating_expenses": 70574000000.0,
            "investment_income_net": null,
            "net_interest_income": 573000000.0,
            "interest_income": 731000000.0,
            "interest_expense": 243000000.0,
            "non_interest_income": 47695000000.0,
            "other_non_operating_income": null,
            "depreciation": 4410000000.0,
            "depreciation_and_amortization": null,
            "income_before_tax": 23552000000.0,
            "income_tax_expense": 2714000000.0,
            "interest_and_debt_expense": 275000000.0,
            "net_income_from_continuing_operations": 20838000000.0,
            "comprehensive_income_net_of_tax": 18933000000.0,
            "ebit": 23364000000.0,
            "ebitda": 23365000000.0,
            "net_income": 20838000000.0
        }
    ],
    "total_quarters": 55,
    "date_range": {
        "start": "2011-06-30",
        "end": "2024-12-31"
    }
}