{
    "symbol": "NFLX",
    "quarterly_reports": [
        {
            "fiscal_date_ending": "2009-06-30",
            "reported_currency": "USD",
            "total_assets": 591993000.0,
            "total_current_assets": 342564000.0,
            "cash_and_cash_equivalents": 87471000.0,
            "cash_and_short_term_investments": 254969000.0,
            "inventory": null,
            "current_net_receivables": null,
            "total_non_current_assets": 149113000.0,
            "property_plant_equipment": 120346000.0,
            "accumulated_depreciation_amortization_ppe": null,
            "intangible_assets": 100316000.0,
            "intangible_assets_excluding_goodwill": 100316000.0,
            "goodwill": null,
            "investments": null,
            "long_term_investments": null,
            "short_term_investments": 167498000.0,
            "other_current_assets": 22381000.0,
            "other_non_current_assets": 11542000.0,
            "total_liabilities": 267622000.0,
            "total_current_liabilities": 211186000.0,
            "current_accounts_payable": null,
            "deferred_revenue": null,
            "current_debt": 1275000.0,
            "short_term_debt": 1275000.0,
            "total_non_current_liabilities": 56436000.0,
            "capital_lease_obligations": null,
            "long_term_debt": 37301000.0,
            "current_long_term_debt": 1275000.0,
            "long_term_debt_non_current": 37301000.0,
            "short_long_term_debt_total": 38576000.0,
            "other_current_liabilities": 27782000.0,
            "other_non_current_liabilities": 19135000.0,
            "total_shareholder_equity": 324371000.0,
            "treasury_stock": 215250000.0,
            "retained_earnings": 163258000.0,
            "common_stock": 64000.0,
            "common_stock_shares_outstanding": 57415726.0
        },
        {
            "fiscal_date_ending": "2009-09-30",
            "reported_currency": "USD",
            "total_assets": 492131000.0,
            "total_current_assets": 234962000.0,
            "cash_and_cash_equivalents": 55717000.0,
            "cash_and_short_term_investments": 155462000.0,
            "inventory": null,
            "current_net_receivables": null,
            "total_non_current_assets": 152630000.0,
            "property_plant_equipment": 122119000.0,
            "accumulated_depreciation_amortization_ppe": null,
            "intangible_assets": 104539000.0,
            "intangible_assets_excluding_goodwill": 104539000.0,
            "goodwill": null,
            "investments": null,
            "long_term_investments": null,
            "short_term_investments": 99745000.0,
            "other_current_assets": 18239000.0,
            "other_non_current_assets": 13267000.0,
            "total_liabilities": 259929000.0,
            "total_current_liabilities": 203522000.0,
            "current_accounts_payable": 93451000.0,
            "deferred_revenue": null,
            "current_debt": 1342000.0,
            "short_term_debt": 1342000.0,
            "total_non_current_liabilities": 56407000.0,
            "capital_lease_obligations": null,
            "long_term_debt": 36940000.0,
            "current_long_term_debt": 1342000.0,
            "long_term_debt_non_current": 36940000.0,
            "short_long_term_debt_total": 38282000.0,
            "other_current_liabilities": 29606000.0,
            "other_non_current_liabilities": 19467000.0,
            "total_shareholder_equity": 232202000.0,
            "treasury_stock": 340362000.0,
            "retained_earnings": 193399000.0,
            "common_stock": 64000.0,
            "common_stock_shares_outstanding": 54642694.0
        },
        {
            "fiscal_date_ending": "2009-12-31",
            "reported_currency": "USD",
            "total_assets": 679734000.0,
            "total_current_assets": 411013000.0,
            "cash_and_cash_equivalents": 134224000.0,
            "cash_and_short_term_investments": 320242000.0,
            "inventory": null,
            "current_net_receivables": null,
            "total_non_current_assets": 159911000.0,
            "property_plant_equipment": 131653000.0,
            "accumulated_depreciation_amortization_ppe": null,
            "intangible_assets": 108810000.0,
            "intangible_assets_excluding_goodwill": 108810000.0,
            "goodwill": null,
            "investments": null,
            "long_term_investments": null,
            "short_term_investments": 186018000.0,
            "other_current_assets": 26701000.0,
            "other_non_current_assets": 12300000.0,
            "total_liabilities": 480591000.0,
            "total_current_liabilities": 227436000.0,
            "current_accounts_payable": 92542000.0,
            "deferred_revenue": null,
            "current_debt": 1410000.0,
            "short_term_debt": 1410000.0,
            "total_non_current_liabilities": 217650000.0,
            "capital_lease_obligations": null,
            "long_term_debt": 236572000.0,
            "current_long_term_debt": 1410000.0,
            "long_term_debt_non_current": 200000000.0,
            "short_long_term_debt_total": 386018000.0,
            "other_current_liabilities": 33387000.0,
            "other_non_current_liabilities": 16583000.0,
            "total_shareholder_equity": 199143000.0,
            "treasury_stock": 0.0,
            "retained_earnings": 198817000.0,
            "common_stock": 53000.0,
            "common_stock_shares_outstanding": 53440073.0
        },
        {
            "fiscal_date_ending": "2010-03-31",
            "reported_currency": "USD",
            "total_assets": 648293000.0,
            "total_current_assets": 379538000.0,
            "cash_and_cash_equivalents": 79861000.0,
            "cash_and_short_term_investments": 266330000.0,
            "inventory": null,
            "current_net_receivables": null,
            "total_non_current_assets": 159324000.0,
            "property_plant_equipment": 127165000.0,
            "accumulated_depreciation_amortization_ppe": null,
            "intangible_assets": 109431000.0,
            "intangible_assets_excluding_goodwill": 109431000.0,
            "goodwill": null,
            "investments": null,
            "long_term_investments": null,
            "short_term_investments": 186469000.0,
            "other_current_assets": 57642000.0,
            "other_non_current_assets": 13368000.0,
            "total_liabilities": 501558000.0,
            "total_current_liabilities": 243447000.0,
            "current_accounts_payable": 102703000.0,
            "deferred_revenue": null,
            "current_debt": 1917000.0,
            "short_term_debt": 1917000.0,
            "total_non_current_liabilities": 222407000.0,
            "capital_lease_obligations": null,
            "long_term_debt": 235704000.0,
            "current_long_term_debt": 1917000.0,
            "long_term_debt_non_current": 200000000.0,
            "short_long_term_debt_total": 386469000.0,
            "other_current_liabilities": 38718000.0,
            "other_non_current_liabilities": 22407000.0,
            "total_shareholder_equity": 146735000.0,
            "treasury_stock": null,
            "retained_earnings": 146196000.0,
            "common_stock": 52000.0,
            "common_stock_shares_outstanding": 52261855.0
        },
        {
            "fiscal_date_ending": "2010-06-30",
            "reported_currency": "USD",
            "total_assets": 693972000.0,
            "total_current_assets": 441218000.0,
            "cash_and_cash_equivalents": 107327000.0,
            "cash_and_short_term_investments": 279085000.0,
            "inventory": null,
            "current_net_receivables": null,
            "total_non_current_assets": 158088000.0,
            "property_plant_equipment": 123292000.0,
            "accumulated_depreciation_amortization_ppe": null,
            "intangible_assets": 94666000.0,
            "intangible_assets_excluding_goodwill": 94666000.0,
            "goodwill": null,
            "investments": null,
            "long_term_investments": null,
            "short_term_investments": 171758000.0,
            "other_current_assets": 35173000.0,
            "other_non_current_assets": 12845000.0,
            "total_liabilities": 517332000.0,
            "total_current_liabilities": 258167000.0,
            "current_accounts_payable": 120031000.0,
            "deferred_revenue": null,
            "current_debt": 1971000.0,
            "short_term_debt": 1971000.0,
            "total_non_current_liabilities": 259165000.0,
            "capital_lease_obligations": null,
            "long_term_debt": 235185000.0,
            "current_long_term_debt": 1971000.0,
            "long_term_debt_non_current": 235185000.0,
            "short_long_term_debt_total": 371758000.0,
            "other_current_liabilities": 34746000.0,
            "other_non_current_liabilities": 23980000.0,
            "total_shareholder_equity": 176640000.0,
            "treasury_stock": null,
            "retained_earnings": 175786000.0,
            "common_stock": 52000.0,
            "common_stock_shares_outstanding": 52358171.0
        },
        {
            "fiscal_date_ending": "2010-09-30",
            "reported_currency": "USD",
            "total_assets": 770283000.0,
            "total_current_assets": 492247000.0,
            "cash_and_cash_equivalents": 113108000.0,
            "cash_and_short_term_investments": 256813000.0,
            "inventory": null,
            "current_net_receivables": null,
            "total_non_current_assets": 157989000.0,
            "property_plant_equipment": 125057000.0,
            "accumulated_depreciation_amortization_ppe": null,
            "intangible_assets": 120047000.0,
            "intangible_assets_excluding_goodwill": 120047000.0,
            "goodwill": null,
            "investments": null,
            "long_term_investments": null,
            "short_term_investments": 143705000.0,
            "other_current_assets": 37723000.0,
            "other_non_current_assets": 13713000.0,
            "total_liabilities": 578308000.0,
            "total_current_liabilities": 312107000.0,
            "current_accounts_payable": 170120000.0,
            "deferred_revenue": null,
            "current_debt": 2027000.0,
            "short_term_debt": 2027000.0,
            "total_non_current_liabilities": 266201000.0,
            "capital_lease_obligations": null,
            "long_term_debt": 234659000.0,
            "current_long_term_debt": 2027000.0,
            "long_term_debt_non_current": 234659000.0,
            "short_long_term_debt_total": 343705000.0,
            "other_current_liabilities": 36974000.0,
            "other_non_current_liabilities": 31542000.0,
            "total_shareholder_equity": 191975000.0,
            "treasury_stock": null,
            "retained_earnings": 190644000.0,
            "common_stock": 52000.0,
            "common_stock_shares_outstanding": 52257495.0
        },
        {
            "fiscal_date_ending": "2010-12-31",
            "reported_currency": "USD",
            "total_assets": 982067000.0,
            "total_current_assets": 637231000.0,
            "cash_and_cash_equivalents": 194499000.0,
            "cash_and_short_term_investments": 350387000.0,
            "inventory": null,
            "current_net_receivables": null,
            "total_non_current_assets": 160127000.0,
            "property_plant_equipment": 128570000.0,
            "accumulated_depreciation_amortization_ppe": 136579000.0,
            "intangible_assets": 180973000.0,
            "intangible_assets_excluding_goodwill": 180973000.0,
            "goodwill": null,
            "investments": 155888000.0,
            "long_term_investments": null,
            "short_term_investments": 155888000.0,
            "other_current_assets": 43621000.0,
            "other_non_current_assets": 35293000.0,
            "total_liabilities": 691903000.0,
            "total_current_liabilities": 388579000.0,
            "current_accounts_payable": 54129000.0,
            "deferred_revenue": null,
            "current_debt": 2083000.0,
            "short_term_debt": 2083000.0,
            "total_non_current_liabilities": 303324000.0,
            "capital_lease_obligations": null,
            "long_term_debt": 236206000.0,
            "current_long_term_debt": 2083000.0,
            "long_term_debt_non_current": 225000000.0,
            "short_long_term_debt_total": 236206000.0,
            "other_current_liabilities": 3911000.0,
            "other_non_current_liabilities": 55145000.0,
            "total_shareholder_equity": 290164000.0,
            "treasury_stock": null,
            "retained_earnings": 237739000.0,
            "common_stock": 53000.0,
            "common_stock_shares_outstanding": 52781949.0
        },
        {
            "fiscal_date_ending": "2011-03-31",
            "reported_currency": "USD",
            "total_assets": 1090188000.0,
            "total_current_assets": 721602000.0,
            "cash_and_cash_equivalents": 150419000.0,
            "cash_and_short_term_investments": 342721000.0,
            "inventory": null,
            "current_net_receivables": null,
            "total_non_current_assets": 171032000.0,
            "property_plant_equipment": 134800000.0,
            "accumulated_depreciation_amortization_ppe": null,
            "intangible_assets": 197554000.0,
            "intangible_assets_excluding_goodwill": 197554000.0,
            "goodwill": null,
            "investments": null,
            "long_term_investments": null,
            "short_term_investments": 192302000.0,
            "other_current_assets": 38351000.0,
            "other_non_current_assets": 13780000.0,
            "total_liabilities": 814466000.0,
            "total_current_liabilities": 490318000.0,
            "current_accounts_payable": 301009000.0,
            "deferred_revenue": null,
            "current_debt": 2141000.0,
            "short_term_debt": 2141000.0,
            "total_non_current_liabilities": 324148000.0,
            "capital_lease_obligations": null,
            "long_term_debt": 233564000.0,
            "current_long_term_debt": 2141000.0,
            "long_term_debt_non_current": 233564000.0,
            "short_long_term_debt_total": 392302000.0,
            "other_current_liabilities": 44123000.0,
            "other_non_current_liabilities": 90584000.0,
            "total_shareholder_equity": 275722000.0,
            "treasury_stock": null,
            "retained_earnings": 275080000.0,
            "common_stock": 52000.0,
            "common_stock_shares_outstanding": 52519159.0
        },
        {
            "fiscal_date_ending": "2011-06-30",
            "reported_currency": "USD",
            "total_assets": 1570693000.0,
            "total_current_assets": 969444000.0,
            "cash_and_cash_equivalents": 175207000.0,
            "cash_and_short_term_investments": 376407000.0,
            "inventory": null,
            "current_net_receivables": null,
            "total_non_current_assets": 180565000.0,
            "property_plant_equipment": 136948000.0,
            "accumulated_depreciation_amortization_ppe": 151193000.0,
            "intangible_assets": 425246000.0,
            "intangible_assets_excluding_goodwill": 425246000.0,
            "goodwill": null,
            "investments": 201200000.0,
            "long_term_investments": null,
            "short_term_investments": 201200000.0,
            "other_current_assets": 33792000.0,
            "other_non_current_assets": 13172000.0,
            "total_liabilities": 1236659000.0,
            "total_current_liabilities": 726709000.0,
            "current_accounts_payable": 533436000.0,
            "deferred_revenue": null,
            "current_debt": 2199000.0,
            "short_term_debt": 2199000.0,
            "total_non_current_liabilities": 535612000.0,
            "capital_lease_obligations": null,
            "long_term_debt": 235185000.0,
            "current_long_term_debt": 2199000.0,
            "long_term_debt_non_current": 224500000.0,
            "short_long_term_debt_total": 235185000.0,
            "other_current_liabilities": 44137000.0,
            "other_non_current_liabilities": 276964000.0,
            "total_shareholder_equity": 334034000.0,
            "treasury_stock": null,
            "retained_earnings": 333097000.0,
            "common_stock": 53000.0,
            "common_stock_shares_outstanding": 52536246.0
        },
        {
            "fiscal_date_ending": "2011-09-30",
            "reported_currency": "USD",
            "total_assets": 1961558000.0,
            "total_current_assets": 1190113000.0,
            "cash_and_cash_equivalents": 159199000.0,
            "cash_and_short_term_investments": 365772000.0,
            "inventory": null,
            "current_net_receivables": null,
            "total_non_current_assets": 205797000.0,
            "property_plant_equipment": 143993000.0,
            "accumulated_depreciation_amortization_ppe": 161352000.0,
            "intangible_assets": 570210000.0,
            "intangible_assets_excluding_goodwill": 570210000.0,
            "goodwill": null,
            "investments": 206573000.0,
            "long_term_investments": null,
            "short_term_investments": 206573000.0,
            "other_current_assets": 41797000.0,
            "other_non_current_assets": 28499000.0,
            "total_liabilities": 1573206000.0,
            "total_current_liabilities": 967966000.0,
            "current_accounts_payable": 750107000.0,
            "deferred_revenue": null,
            "current_debt": 2259000.0,
            "short_term_debt": 2259000.0,
            "total_non_current_liabilities": 605240000.0,
            "capital_lease_obligations": null,
            "long_term_debt": 234659000.0,
            "current_long_term_debt": 2259000.0,
            "long_term_debt_non_current": 216500000.0,
            "short_long_term_debt_total": 234659000.0,
            "other_current_liabilities": 54671000.0,
            "other_non_current_liabilities": 372840000.0,
            "total_shareholder_equity": 388352000.0,
            "treasury_stock": null,
            "retained_earnings": 387711000.0,
            "common_stock": 53000.0,
            "common_stock_shares_outstanding": 52504091.0
        },
        {
            "fiscal_date_ending": "2011-12-31",
            "reported_currency": "USD",
            "total_assets": 3069196000.0,
            "total_current_assets": 1830857000.0,
            "cash_and_cash_equivalents": 508053000.0,
            "cash_and_short_term_investments": 797811000.0,
            "inventory": null,
            "current_net_receivables": null,
            "total_non_current_assets": 191905000.0,
            "property_plant_equipment": 136353000.0,
            "accumulated_depreciation_amortization_ppe": 169685000.0,
            "intangible_assets": 1046934000.0,
            "intangible_assets_excluding_goodwill": 1046934000.0,
            "goodwill": null,
            "investments": 289758000.0,
            "long_term_investments": null,
            "short_term_investments": 289758000.0,
            "other_current_assets": 57330000.0,
            "other_non_current_assets": 55052000.0,
            "total_liabilities": 2426386000.0,
            "total_current_liabilities": 1225055000.0,
            "current_accounts_payable": 86992000.0,
            "deferred_revenue": null,
            "current_debt": null,
            "short_term_debt": 2319000.0,
            "total_non_current_liabilities": 261703000.0,
            "capital_lease_obligations": null,
            "long_term_debt": 200000000.0,
            "current_long_term_debt": null,
            "long_term_debt_non_current": 200000000.0,
            "short_long_term_debt_total": 200000000.0,
            "other_current_liabilities": 7155000.0,
            "other_non_current_liabilities": 61703000.0,
            "total_shareholder_equity": 642810000.0,
            "treasury_stock": null,
            "retained_earnings": 422930000.0,
            "common_stock": 55000.0,
            "common_stock_shares_outstanding": 55398615.0
        },
        {
            "fiscal_date_ending": "2012-03-31",
            "reported_currency": "USD",
            "total_assets": 3480459000.0,
            "total_current_assets": 2058741000.0,
            "cash_and_cash_equivalents": 395992000.0,
            "cash_and_short_term_investments": 804526000.0,
            "inventory": null,
            "current_net_receivables": null,
            "total_non_current_assets": 239644000.0,
            "property_plant_equipment": 128197000.0,
            "accumulated_depreciation_amortization_ppe": 178087000.0,
            "intangible_assets": 1226274000.0,
            "intangible_assets_excluding_goodwill": 1226274000.0,
            "goodwill": null,
            "investments": 408534000.0,
            "long_term_investments": null,
            "short_term_investments": 408534000.0,
            "other_current_assets": 45759000.0,
            "other_non_current_assets": 67247000.0,
            "total_liabilities": 2817057000.0,
            "total_current_liabilities": 1446666000.0,
            "current_accounts_payable": 83119000.0,
            "deferred_revenue": null,
            "current_debt": null,
            "short_term_debt": 49106000.0,
            "total_non_current_liabilities": 262203000.0,
            "capital_lease_obligations": null,
            "long_term_debt": 200000000.0,
            "current_long_term_debt": null,
            "long_term_debt_non_current": 200000000.0,
            "short_long_term_debt_total": 200000000.0,
            "other_current_liabilities": 1163839000.0,
            "other_non_current_liabilities": 62203000.0,
            "total_shareholder_equity": 663402000.0,
            "treasury_stock": null,
            "retained_earnings": 418346000.0,
            "common_stock": 55000.0,
            "common_stock_shares_outstanding": 55515631.0
        },
        {
            "fiscal_date_ending": "2012-06-30",
            "reported_currency": "USD",
            "total_assets": 3478290000.0,
            "total_current_assets": 2137785000.0,
            "cash_and_cash_equivalents": 402251000.0,
            "cash_and_short_term_investments": 813343000.0,
            "inventory": null,
            "current_net_receivables": null,
            "total_non_current_assets": 237700000.0,
            "property_plant_equipment": 124644000.0,
            "accumulated_depreciation_amortization_ppe": 185654000.0,
            "intangible_assets": 1147805000.0,
            "intangible_assets_excluding_goodwill": 1147805000.0,
            "goodwill": null,
            "investments": 411092000.0,
            "long_term_investments": null,
            "short_term_investments": 411092000.0,
            "other_current_assets": 52294000.0,
            "other_non_current_assets": 68056000.0,
            "total_liabilities": 2790064000.0,
            "total_current_liabilities": 1498844000.0,
            "current_accounts_payable": 90961000.0,
            "deferred_revenue": null,
            "current_debt": null,
            "short_term_debt": 50884000.0,
            "total_non_current_liabilities": 262057000.0,
            "capital_lease_obligations": null,
            "long_term_debt": 200000000.0,
            "current_long_term_debt": null,
            "long_term_debt_non_current": 200000000.0,
            "short_long_term_debt_total": 200000000.0,
            "other_current_liabilities": 1204209000.0,
            "other_non_current_liabilities": 62057000.0,
            "total_shareholder_equity": 688226000.0,
            "treasury_stock": null,
            "retained_earnings": 424510000.0,
            "common_stock": 56000.0,
            "common_stock_shares_outstanding": 55534266.0
        },
        {
            "fiscal_date_ending": "2012-09-30",
            "reported_currency": "USD",
            "total_assets": 3808833000.0,
            "total_current_assets": 2225018000.0,
            "cash_and_cash_equivalents": 370298000.0,
            "cash_and_short_term_investments": 798355000.0,
            "inventory": null,
            "current_net_receivables": null,
            "total_non_current_assets": 217249000.0,
            "property_plant_equipment": 133603000.0,
            "accumulated_depreciation_amortization_ppe": 196230000.0,
            "intangible_assets": 1366566000.0,
            "intangible_assets_excluding_goodwill": 1366566000.0,
            "goodwill": null,
            "investments": 428057000.0,
            "long_term_investments": null,
            "short_term_investments": 428057000.0,
            "other_current_assets": 57742000.0,
            "other_non_current_assets": 83646000.0,
            "total_liabilities": 3091993000.0,
            "total_current_liabilities": 1598223000.0,
            "current_accounts_payable": 91511000.0,
            "deferred_revenue": null,
            "current_debt": null,
            "short_term_debt": 70681000.0,
            "total_non_current_liabilities": 262791000.0,
            "capital_lease_obligations": null,
            "long_term_debt": 200000000.0,
            "current_long_term_debt": null,
            "long_term_debt_non_current": 200000000.0,
            "short_long_term_debt_total": 200000000.0,
            "other_current_liabilities": 1280885000.0,
            "other_non_current_liabilities": 62791000.0,
            "total_shareholder_equity": 716840000.0,
            "treasury_stock": null,
            "retained_earnings": 432185000.0,
            "common_stock": 56000.0,
            "common_stock_shares_outstanding": 55545531.0
        },
        {
            "fiscal_date_ending": "2012-12-31",
            "reported_currency": "USD",
            "total_assets": 3967890000.0,
            "total_current_assets": 2240791000.0,
            "cash_and_cash_equivalents": 290291000.0,
            "cash_and_short_term_investments": 748078000.0,
            "inventory": null,
            "current_net_receivables": null,
            "total_non_current_assets": 221091000.0,
            "property_plant_equipment": 131681000.0,
            "accumulated_depreciation_amortization_ppe": 204356000.0,
            "intangible_assets": 1506008000.0,
            "intangible_assets_excluding_goodwill": 1506008000.0,
            "goodwill": null,
            "investments": 457787000.0,
            "long_term_investments": null,
            "short_term_investments": 457787000.0,
            "other_current_assets": 124551000.0,
            "other_non_current_assets": 89410000.0,
            "total_liabilities": 3223217000.0,
            "total_current_liabilities": 1675926000.0,
            "current_accounts_payable": 86468000.0,
            "deferred_revenue": null,
            "current_debt": null,
            "short_term_debt": 53139000.0,
            "total_non_current_liabilities": 270669000.0,
            "capital_lease_obligations": null,
            "long_term_debt": 200000000.0,
            "current_long_term_debt": null,
            "long_term_debt_non_current": 200000000.0,
            "short_long_term_debt_total": 200000000.0,
            "other_current_liabilities": 1366847000.0,
            "other_non_current_liabilities": 70669000.0,
            "total_shareholder_equity": 744673000.0,
            "treasury_stock": null,
            "retained_earnings": 440082000.0,
            "common_stock": 56000.0,
            "common_stock_shares_outstanding": 55398615.0
        },
        {
            "fiscal_date_ending": "2013-03-31",
            "reported_currency": "USD",
            "total_assets": 4363289000.0,
            "total_current_assets": 2557100000.0,
            "cash_and_cash_equivalents": 418051000.0,
            "cash_and_short_term_investments": 1025872000.0,
            "inventory": null,
            "current_net_receivables": null,
            "total_non_current_assets": 229515000.0,
            "property_plant_equipment": 129319000.0,
            "accumulated_depreciation_amortization_ppe": 208432000.0,
            "intangible_assets": 1576674000.0,
            "intangible_assets_excluding_goodwill": 1576674000.0,
            "goodwill": null,
            "investments": 607821000.0,
            "long_term_investments": null,
            "short_term_investments": 607821000.0,
            "other_current_assets": 82469000.0,
            "other_non_current_assets": 100196000.0,
            "total_liabilities": 3550370000.0,
            "total_current_liabilities": 1688714000.0,
            "current_accounts_payable": 102822000.0,
            "deferred_revenue": null,
            "current_debt": null,
            "short_term_debt": 52004000.0,
            "total_non_current_liabilities": 578229000.0,
            "capital_lease_obligations": null,
            "long_term_debt": 500000000.0,
            "current_long_term_debt": null,
            "long_term_debt_non_current": 500000000.0,
            "short_long_term_debt_total": 500000000.0,
            "other_current_liabilities": 1355010000.0,
            "other_non_current_liabilities": 78229000.0,
            "total_shareholder_equity": 812919000.0,
            "treasury_stock": null,
            "retained_earnings": 442771000.0,
            "common_stock": 56000.0,
            "common_stock_shares_outstanding": 56143986.0
        },
        {
            "fiscal_date_ending": "2013-06-30",
            "reported_currency": "USD",
            "total_assets": 4480751000.0,
            "total_current_assets": 2570322000.0,
            "cash_and_cash_equivalents": 370678000.0,
            "cash_and_short_term_investments": 1080110000.0,
            "inventory": null,
            "current_net_receivables": null,
            "total_non_current_assets": 294727000.0,
            "property_plant_equipment": 127931000.0,
            "accumulated_depreciation_amortization_ppe": 219773000.0,
            "intangible_assets": 1682202000.0,
            "intangible_assets_excluding_goodwill": 1682202000.0,
            "goodwill": null,
            "investments": 709432000.0,
            "long_term_investments": null,
            "short_term_investments": 709432000.0,
            "other_current_assets": 94539000.0,
            "other_non_current_assets": 100296000.0,
            "total_liabilities": 3375129000.0,
            "total_current_liabilities": 1670264000.0,
            "current_accounts_payable": 103441000.0,
            "deferred_revenue": null,
            "current_debt": null,
            "short_term_debt": 59035000.0,
            "total_non_current_liabilities": 580616000.0,
            "capital_lease_obligations": null,
            "long_term_debt": 500000000.0,
            "current_long_term_debt": null,
            "long_term_debt_non_current": 500000000.0,
            "short_long_term_debt_total": 559035000.0,
            "other_current_liabilities": 1321217000.0,
            "other_non_current_liabilities": 80616000.0,
            "total_shareholder_equity": 1105622000.0,
            "treasury_stock": null,
            "retained_earnings": 472242000.0,
            "common_stock": 59000.0,
            "common_stock_shares_outstanding": 58922493.0
        },
        {
            "fiscal_date_ending": "2013-09-30",
            "reported_currency": "USD",
            "total_assets": 4901325000.0,
            "total_current_assets": 2849278000.0,
            "cash_and_cash_equivalents": 439056000.0,
            "cash_and_short_term_investments": 1134987000.0,
            "inventory": null,
            "current_net_receivables": null,
            "total_non_current_assets": 312260000.0,
            "property_plant_equipment": 127263000.0,
            "accumulated_depreciation_amortization_ppe": 217156000.0,
            "intangible_assets": 1808387000.0,
            "intangible_assets_excluding_goodwill": 1808387000.0,
            "goodwill": null,
            "investments": 695931000.0,
            "long_term_investments": null,
            "short_term_investments": 695931000.0,
            "other_current_assets": 106255000.0,
            "other_non_current_assets": 116397000.0,
            "total_liabilities": 3696955000.0,
            "total_current_liabilities": 1935136000.0,
            "current_accounts_payable": 100899000.0,
            "deferred_revenue": null,
            "current_debt": null,
            "short_term_debt": 46433000.0,
            "total_non_current_liabilities": 582764000.0,
            "capital_lease_obligations": null,
            "long_term_debt": 500000000.0,
            "current_long_term_debt": null,
            "long_term_debt_non_current": 500000000.0,
            "short_long_term_debt_total": 546433000.0,
            "other_current_liabilities": 1591981000.0,
            "other_non_current_liabilities": 82764000.0,
            "total_shareholder_equity": 1204370000.0,
            "treasury_stock": null,
            "retained_earnings": 504064000.0,
            "common_stock": 59000.0,
            "common_stock_shares_outstanding": 59257798.0
        },
        {
            "fiscal_date_ending": "2013-12-31",
            "reported_currency": "USD",
            "total_assets": 5412563000.0,
            "total_current_assets": 3058763000.0,
            "cash_and_cash_equivalents": 604965000.0,
            "cash_and_short_term_investments": 1200405000.0,
            "inventory": null,
            "current_net_receivables": null,
            "total_non_current_assets": 262729000.0,
            "property_plant_equipment": 133605000.0,
            "accumulated_depreciation_amortization_ppe": 223591000.0,
            "intangible_assets": 2091071000.0,
            "intangible_assets_excluding_goodwill": 2091071000.0,
            "goodwill": null,
            "investments": 595440000.0,
            "long_term_investments": null,
            "short_term_investments": 595440000.0,
            "other_current_assets": 151937000.0,
            "other_non_current_assets": 129124000.0,
            "total_liabilities": 4079002000.0,
            "total_current_liabilities": 2154203000.0,
            "current_accounts_payable": 108435000.0,
            "deferred_revenue": 215767000.0,
            "current_debt": null,
            "short_term_debt": 54018000.0,
            "total_non_current_liabilities": 579209000.0,
            "capital_lease_obligations": null,
            "long_term_debt": 529500000.0,
            "current_long_term_debt": null,
            "long_term_debt_non_current": 500000000.0,
            "short_long_term_debt_total": 554018000.0,
            "other_current_liabilities": 1775983000.0,
            "other_non_current_liabilities": 79209000.0,
            "total_shareholder_equity": 1333561000.0,
            "treasury_stock": null,
            "retained_earnings": 552485000.0,
            "common_stock": 60000.0,
            "common_stock_shares_outstanding": 59607001.0
        },
        {
            "fiscal_date_ending": "2014-03-31",
            "reported_currency": "USD",
            "total_assets": 6048106000.0,
            "total_current_assets": 3586784000.0,
            "cash_and_cash_equivalents": 1157450000.0,
            "cash_and_short_term_investments": 1668243000.0,
            "inventory": null,
            "current_net_receivables": null,
            "total_non_current_assets": 365348000.0,
            "property_plant_equipment": 133473000.0,
            "accumulated_depreciation_amortization_ppe": 234631000.0,
            "intangible_assets": 2179474000.0,
            "intangible_assets_excluding_goodwill": 2179474000.0,
            "goodwill": null,
            "investments": 510793000.0,
            "long_term_investments": null,
            "short_term_investments": 510793000.0,
            "other_current_assets": 147131000.0,
            "other_non_current_assets": 148375000.0,
            "total_liabilities": 4569748000.0,
            "total_current_liabilities": 2263653000.0,
            "current_accounts_payable": 133883000.0,
            "deferred_revenue": null,
            "current_debt": null,
            "short_term_debt": 54858000.0,
            "total_non_current_liabilities": 984216000.0,
            "capital_lease_obligations": null,
            "long_term_debt": 900000000.0,
            "current_long_term_debt": null,
            "long_term_debt_non_current": 900000000.0,
            "short_long_term_debt_total": 954858000.0,
            "other_current_liabilities": 1844897000.0,
            "other_non_current_liabilities": 84216000.0,
            "total_shareholder_equity": 1478358000.0,
            "treasury_stock": null,
            "retained_earnings": 605600000.0,
            "common_stock": 60000.0,
            "common_stock_shares_outstanding": 59940336.0
        },
        {
            "fiscal_date_ending": "2014-06-30",
            "reported_currency": "USD",
            "total_assets": 6325822000.0,
            "total_current_assets": 3668380000.0,
            "cash_and_cash_equivalents": 1214244000.0,
            "cash_and_short_term_investments": 1714365000.0,
            "inventory": null,
            "current_net_receivables": null,
            "total_non_current_assets": 409546000.0,
            "property_plant_equipment": 141715000.0,
            "accumulated_depreciation_amortization_ppe": 245090000.0,
            "intangible_assets": 2348796000.0,
            "intangible_assets_excluding_goodwill": 2348796000.0,
            "goodwill": null,
            "investments": 500121000.0,
            "long_term_investments": null,
            "short_term_investments": 500121000.0,
            "other_current_assets": 167674000.0,
            "other_non_current_assets": 166931000.0,
            "total_liabilities": 4716117000.0,
            "total_current_liabilities": 2335124000.0,
            "current_accounts_payable": 137226000.0,
            "deferred_revenue": 241330000.0,
            "current_debt": null,
            "short_term_debt": 98548000.0,
            "total_non_current_liabilities": 990223000.0,
            "capital_lease_obligations": null,
            "long_term_debt": 900000000.0,
            "current_long_term_debt": null,
            "long_term_debt_non_current": 900000000.0,
            "short_long_term_debt_total": 998548000.0,
            "other_current_liabilities": 1858020000.0,
            "other_non_current_liabilities": 90223000.0,
            "total_shareholder_equity": 1609705000.0,
            "treasury_stock": null,
            "retained_earnings": 676618000.0,
            "common_stock": 60000.0,
            "common_stock_shares_outstanding": 60091015.0
        },
        {
            "fiscal_date_ending": "2014-09-30",
            "reported_currency": "USD",
            "total_assets": 6778329000.0,
            "total_current_assets": 3823482000.0,
            "cash_and_cash_equivalents": 1183217000.0,
            "cash_and_short_term_investments": 1666819000.0,
            "inventory": null,
            "current_net_receivables": null,
            "total_non_current_assets": 436165000.0,
            "property_plant_equipment": 144147000.0,
            "accumulated_depreciation_amortization_ppe": 252407000.0,
            "intangible_assets": 2631882000.0,
            "intangible_assets_excluding_goodwill": 2631882000.0,
            "goodwill": null,
            "investments": 483602000.0,
            "long_term_investments": null,
            "short_term_investments": 483602000.0,
            "other_current_assets": 149682000.0,
            "other_non_current_assets": 178818000.0,
            "total_liabilities": 5053455000.0,
            "total_current_liabilities": 2548655000.0,
            "current_accounts_payable": 150374000.0,
            "deferred_revenue": 252956000.0,
            "current_debt": null,
            "short_term_debt": 70559000.0,
            "total_non_current_liabilities": 994397000.0,
            "capital_lease_obligations": null,
            "long_term_debt": 900000000.0,
            "current_long_term_debt": null,
            "long_term_debt_non_current": 900000000.0,
            "short_long_term_debt_total": 970559000.0,
            "other_current_liabilities": 2074766000.0,
            "other_non_current_liabilities": 94397000.0,
            "total_shareholder_equity": 1724874000.0,
            "treasury_stock": null,
            "retained_earnings": 735913000.0,
            "common_stock": 60000.0,
            "common_stock_shares_outstanding": 60246379.0
        },
        {
            "fiscal_date_ending": "2014-12-31",
            "reported_currency": "USD",
            "total_assets": 7042500000.0,
            "total_current_assets": 3927053000.0,
            "cash_and_cash_equivalents": 1113608000.0,
            "cash_and_short_term_investments": 1608496000.0,
            "inventory": null,
            "current_net_receivables": null,
            "total_non_current_assets": 342856000.0,
            "property_plant_equipment": 149875000.0,
            "accumulated_depreciation_amortization_ppe": 264816000.0,
            "intangible_assets": 2773326000.0,
            "intangible_assets_excluding_goodwill": 2773326000.0,
            "goodwill": null,
            "investments": 494888000.0,
            "long_term_investments": null,
            "short_term_investments": 494888000.0,
            "other_current_assets": 152423000.0,
            "other_non_current_assets": 192246000.0,
            "total_liabilities": 5184792000.0,
            "total_current_liabilities": 2663154000.0,
            "current_accounts_payable": 201581000.0,
            "deferred_revenue": 274586000.0,
            "current_debt": null,
            "short_term_debt": 69746000.0,
            "total_non_current_liabilities": 959957000.0,
            "capital_lease_obligations": null,
            "long_term_debt": 900000000.0,
            "current_long_term_debt": 885849000.0,
            "long_term_debt_non_current": 885849000.0,
            "short_long_term_debt_total": 969746000.0,
            "other_current_liabilities": 2117241000.0,
            "other_non_current_liabilities": 59957000.0,
            "total_shareholder_equity": 1857708000.0,
            "treasury_stock": null,
            "retained_earnings": 819284000.0,
            "common_stock": 1042870000.0,
            "common_stock_shares_outstanding": 60415841.0
        },
        {
            "fiscal_date_ending": "2015-03-31",
            "reported_currency": "USD",
            "total_assets": 9240626000.0,
            "total_current_assets": 5539056000.0,
            "cash_and_cash_equivalents": 2454777000.0,
            "cash_and_short_term_investments": 2957708000.0,
            "inventory": null,
            "current_net_receivables": null,
            "total_non_current_assets": 532517000.0,
            "property_plant_equipment": 145816000.0,
            "accumulated_depreciation_amortization_ppe": 277239000.0,
            "intangible_assets": 3312353000.0,
            "intangible_assets_excluding_goodwill": 3312353000.0,
            "goodwill": null,
            "investments": 502931000.0,
            "long_term_investments": null,
            "short_term_investments": 502931000.0,
            "other_current_assets": 210901000.0,
            "other_non_current_assets": 243401000.0,
            "total_liabilities": 7331412000.0,
            "total_current_liabilities": 3008849000.0,
            "current_accounts_payable": 190567000.0,
            "deferred_revenue": 285340000.0,
            "current_debt": null,
            "short_term_debt": 107323000.0,
            "total_non_current_liabilities": 2460772000.0,
            "capital_lease_obligations": null,
            "long_term_debt": 2400000000.0,
            "current_long_term_debt": null,
            "long_term_debt_non_current": 2400000000.0,
            "short_long_term_debt_total": 2507323000.0,
            "other_current_liabilities": 2425619000.0,
            "other_non_current_liabilities": 60772000.0,
            "total_shareholder_equity": 1909214000.0,
            "treasury_stock": null,
            "retained_earnings": 842980000.0,
            "common_stock": 61000.0,
            "common_stock_shares_outstanding": 60620721.0
        },
        {
            "fiscal_date_ending": "2015-06-30",
            "reported_currency": "USD",
            "total_assets": 9654861000.0,
            "total_current_assets": 5600510000.0,
            "cash_and_cash_equivalents": 2293872000.0,
            "cash_and_short_term_investments": 2796758000.0,
            "inventory": null,
            "current_net_receivables": null,
            "total_non_current_assets": 559284000.0,
            "property_plant_equipment": 171396000.0,
            "accumulated_depreciation_amortization_ppe": 281773000.0,
            "intangible_assets": 3640767000.0,
            "intangible_assets_excluding_goodwill": 3640767000.0,
            "goodwill": null,
            "investments": 502886000.0,
            "long_term_investments": null,
            "short_term_investments": 502886000.0,
            "other_current_assets": 292806000.0,
            "other_non_current_assets": 242188000.0,
            "total_liabilities": 7622786000.0,
            "total_current_liabilities": 3220069000.0,
            "current_accounts_payable": 211729000.0,
            "deferred_revenue": 301754000.0,
            "current_debt": null,
            "short_term_debt": 150406000.0,
            "total_non_current_liabilities": 2460093000.0,
            "capital_lease_obligations": null,
            "long_term_debt": 2400000000.0,
            "current_long_term_debt": null,
            "long_term_debt_non_current": 2400000000.0,
            "short_long_term_debt_total": 2550406000.0,
            "other_current_liabilities": 2556180000.0,
            "other_non_current_liabilities": 60093000.0,
            "total_shareholder_equity": 2032075000.0,
            "treasury_stock": null,
            "retained_earnings": 869315000.0,
            "common_stock": 1200880000.0,
            "common_stock_shares_outstanding": 426004831.0
        },
        {
            "fiscal_date_ending": "2015-09-30",
            "reported_currency": "USD",
            "total_assets": 9916267000.0,
            "total_current_assets": 5569713000.0,
            "cash_and_cash_equivalents": 2115437000.0,
            "cash_and_short_term_investments": 2609642000.0,
            "inventory": null,
            "current_net_receivables": null,
            "total_non_current_assets": 625464000.0,
            "property_plant_equipment": 181268000.0,
            "accumulated_depreciation_amortization_ppe": 291037000.0,
            "intangible_assets": 3891790000.0,
            "intangible_assets_excluding_goodwill": 3891790000.0,
            "goodwill": null,
            "investments": 494205000.0,
            "long_term_investments": null,
            "short_term_investments": 494205000.0,
            "other_current_assets": 264887000.0,
            "other_non_current_assets": 273496000.0,
            "total_liabilities": 7748949000.0,
            "total_current_liabilities": 3341418000.0,
            "current_accounts_payable": 209365000.0,
            "deferred_revenue": 329739000.0,
            "current_debt": null,
            "short_term_debt": 179350000.0,
            "total_non_current_liabilities": 2440677000.0,
            "capital_lease_obligations": null,
            "long_term_debt": 2400000000.0,
            "current_long_term_debt": null,
            "long_term_debt_non_current": 2400000000.0,
            "short_long_term_debt_total": 2579350000.0,
            "other_current_liabilities": 2622964000.0,
            "other_non_current_liabilities": 40677000.0,
            "total_shareholder_equity": 2167318000.0,
            "treasury_stock": null,
            "retained_earnings": 898747000.0,
            "common_stock": 1306461000.0,
            "common_stock_shares_outstanding": 427388288.0
        },
        {
            "fiscal_date_ending": "2015-12-31",
            "reported_currency": "USD",
            "total_assets": 10202871000.0,
            "total_current_assets": 5431840000.0,
            "cash_and_cash_equivalents": 1809330000.0,
            "cash_and_short_term_investments": 2310715000.0,
            "inventory": null,
            "current_net_receivables": null,
            "total_non_current_assets": 458214000.0,
            "property_plant_equipment": 173412000.0,
            "accumulated_depreciation_amortization_ppe": 297346000.0,
            "intangible_assets": 4312817000.0,
            "intangible_assets_excluding_goodwill": 4312817000.0,
            "goodwill": null,
            "investments": 501385000.0,
            "long_term_investments": null,
            "short_term_investments": 501385000.0,
            "other_current_assets": 215127000.0,
            "other_non_current_assets": 284802000.0,
            "total_liabilities": 7979445000.0,
            "total_current_liabilities": 3529624000.0,
            "current_accounts_payable": 253491000.0,
            "deferred_revenue": 346721000.0,
            "current_debt": null,
            "short_term_debt": 140389000.0,
            "total_non_current_liabilities": 2423461000.0,
            "capital_lease_obligations": null,
            "long_term_debt": 2371362000.0,
            "current_long_term_debt": 2371362000.0,
            "long_term_debt_non_current": 2371362000.0,
            "short_long_term_debt_total": 2511751000.0,
            "other_current_liabilities": 2789023000.0,
            "other_non_current_liabilities": 52099000.0,
            "total_shareholder_equity": 2223426000.0,
            "treasury_stock": null,
            "retained_earnings": 941925000.0,
            "common_stock": 1324809000.0,
            "common_stock_shares_outstanding": 427940440.0
        },
        {
            "fiscal_date_ending": "2016-03-31",
            "reported_currency": "USD",
            "total_assets": 11262274000.0,
            "total_current_assets": 5543836000.0,
            "cash_and_cash_equivalents": 1605244000.0,
            "cash_and_short_term_investments": 2072471000.0,
            "inventory": null,
            "current_net_receivables": null,
            "total_non_current_assets": 654578000.0,
            "property_plant_equipment": 166254000.0,
            "accumulated_depreciation_amortization_ppe": 305247000.0,
            "intangible_assets": 5260160000.0,
            "intangible_assets_excluding_goodwill": 5260160000.0,
            "goodwill": null,
            "investments": 467227000.0,
            "long_term_investments": null,
            "short_term_investments": 467227000.0,
            "other_current_assets": 212724000.0,
            "other_non_current_assets": 292024000.0,
            "total_liabilities": 8945041000.0,
            "total_current_liabilities": 3933632000.0,
            "current_accounts_payable": 231914000.0,
            "deferred_revenue": 374223000.0,
            "current_debt": null,
            "short_term_debt": 181634000.0,
            "total_non_current_liabilities": 2425293000.0,
            "capital_lease_obligations": null,
            "long_term_debt": 2372200000.0,
            "current_long_term_debt": null,
            "long_term_debt_non_current": 2372200000.0,
            "short_long_term_debt_total": 2553834000.0,
            "other_current_liabilities": 3145861000.0,
            "other_non_current_liabilities": 53093000.0,
            "total_shareholder_equity": 2317233000.0,
            "treasury_stock": null,
            "retained_earnings": 969583000.0,
            "common_stock": 1382051000.0,
            "common_stock_shares_outstanding": 428289216.0
        },
        {
            "fiscal_date_ending": "2016-06-30",
            "reported_currency": "USD",
            "total_assets": 11593507000.0,
            "total_current_assets": 5386918000.0,
            "cash_and_cash_equivalents": 1390925000.0,
            "cash_and_short_term_investments": 1834228000.0,
            "inventory": null,
            "current_net_receivables": null,
            "total_non_current_assets": 677451000.0,
            "property_plant_equipment": 162864000.0,
            "accumulated_depreciation_amortization_ppe": 311345000.0,
            "intangible_assets": 5742938000.0,
            "intangible_assets_excluding_goodwill": 5742938000.0,
            "goodwill": null,
            "investments": 443303000.0,
            "long_term_investments": null,
            "short_term_investments": 443303000.0,
            "other_current_assets": 203428000.0,
            "other_non_current_assets": 300787000.0,
            "total_liabilities": 9177673000.0,
            "total_current_liabilities": 4051837000.0,
            "current_accounts_payable": 240458000.0,
            "deferred_revenue": 396976000.0,
            "current_debt": null,
            "short_term_debt": 172073000.0,
            "total_non_current_liabilities": 2427316000.0,
            "capital_lease_obligations": null,
            "long_term_debt": 2373085000.0,
            "current_long_term_debt": null,
            "long_term_debt_non_current": 2373085000.0,
            "short_long_term_debt_total": 2545158000.0,
            "other_current_liabilities": 3242330000.0,
            "other_non_current_liabilities": 54231000.0,
            "total_shareholder_equity": 2415834000.0,
            "treasury_stock": null,
            "retained_earnings": 1010338000.0,
            "common_stock": 1443707000.0,
            "common_stock_shares_outstanding": 428725388.0
        },
        {
            "fiscal_date_ending": "2016-09-30",
            "reported_currency": "USD",
            "total_assets": 12347338000.0,
            "total_current_assets": 5193893000.0,
            "cash_and_cash_equivalents": 969158000.0,
            "cash_and_short_term_investments": 1343256000.0,
            "inventory": null,
            "current_net_receivables": null,
            "total_non_current_assets": 675771000.0,
            "property_plant_equipment": 191876000.0,
            "accumulated_depreciation_amortization_ppe": 314082000.0,
            "intangible_assets": 6677674000.0,
            "intangible_assets_excluding_goodwill": 6677674000.0,
            "goodwill": null,
            "investments": 374098000.0,
            "long_term_investments": null,
            "short_term_investments": 374098000.0,
            "other_current_assets": 218238000.0,
            "other_non_current_assets": 283895000.0,
            "total_liabilities": 9818372000.0,
            "total_current_liabilities": 4411405000.0,
            "current_accounts_payable": 285753000.0,
            "deferred_revenue": 427206000.0,
            "current_debt": null,
            "short_term_debt": 201232000.0,
            "total_non_current_liabilities": 2431812000.0,
            "capital_lease_obligations": null,
            "long_term_debt": 2373966000.0,
            "current_long_term_debt": null,
            "long_term_debt_non_current": 2374000000.0,
            "short_long_term_debt_total": 2575198000.0,
            "other_current_liabilities": 3497214000.0,
            "other_non_current_liabilities": 57812000.0,
            "total_shareholder_equity": 2528966000.0,
            "treasury_stock": null,
            "retained_earnings": 1061855000.0,
            "common_stock": 1503641000.0,
            "common_stock_shares_outstanding": 429145023.0
        },
        {
            "fiscal_date_ending": "2016-12-31",
            "reported_currency": "USD",
            "total_assets": 13586610000.0,
            "total_current_assets": 5720291000.0,
            "cash_and_cash_equivalents": 1467576000.0,
            "cash_and_short_term_investments": 1733782000.0,
            "inventory": null,
            "current_net_receivables": null,
            "total_non_current_assets": 591818000.0,
            "property_plant_equipment": 250395000.0,
            "accumulated_depreciation_amortization_ppe": 294209000.0,
            "intangible_assets": 7274501000.0,
            "intangible_assets_excluding_goodwill": 7274501000.0,
            "goodwill": null,
            "investments": 266206000.0,
            "long_term_investments": 1517000.0,
            "short_term_investments": 266206000.0,
            "other_current_assets": 260202000.0,
            "other_non_current_assets": 341423000.0,
            "total_liabilities": 10906810000.0,
            "total_current_liabilities": 4586657000.0,
            "current_accounts_payable": 312842000.0,
            "deferred_revenue": 443472000.0,
            "current_debt": null,
            "short_term_debt": 197632000.0,
            "total_non_current_liabilities": 3425488000.0,
            "capital_lease_obligations": null,
            "long_term_debt": 3364311000.0,
            "current_long_term_debt": 3364311000.0,
            "long_term_debt_non_current": 3364311000.0,
            "short_long_term_debt_total": -35700000.0,
            "other_current_liabilities": 3632711000.0,
            "other_non_current_liabilities": 61188000.0,
            "total_shareholder_equity": 2679800000.0,
            "treasury_stock": null,
            "retained_earnings": 1128603000.0,
            "common_stock": 1599762000.0,
            "common_stock_shares_outstanding": 430054212.0
        },
        {
            "fiscal_date_ending": "2017-03-31",
            "reported_currency": "USD",
            "total_assets": 14359096000.0,
            "total_current_assets": 5660330000.0,
            "cash_and_cash_equivalents": 1077824000.0,
            "cash_and_short_term_investments": 1341229000.0,
            "inventory": null,
            "current_net_receivables": null,
            "total_non_current_assets": 967254000.0,
            "property_plant_equipment": 275083000.0,
            "accumulated_depreciation_amortization_ppe": 291600000.0,
            "intangible_assets": 8029112000.0,
            "intangible_assets_excluding_goodwill": 8029112000.0,
            "goodwill": null,
            "investments": 263405000.0,
            "long_term_investments": null,
            "short_term_investments": 263405000.0,
            "other_current_assets": 292486000.0,
            "other_non_current_assets": 394571000.0,
            "total_liabilities": 11385413000.0,
            "total_current_liabilities": 4911229000.0,
            "current_accounts_payable": 294831000.0,
            "deferred_revenue": 458693000.0,
            "current_debt": null,
            "short_term_debt": 296258000.0,
            "total_non_current_liabilities": 3438723000.0,
            "capital_lease_obligations": null,
            "long_term_debt": 3365400000.0,
            "current_long_term_debt": null,
            "long_term_debt_non_current": 3365400000.0,
            "short_long_term_debt_total": -34600000.0,
            "other_current_liabilities": 3861447000.0,
            "other_non_current_liabilities": 73323000.0,
            "total_shareholder_equity": 2973683000.0,
            "treasury_stock": null,
            "retained_earnings": 1350410000.0,
            "common_stock": 1669132000.0,
            "common_stock_shares_outstanding": 430993429.0
        },
        {
            "fiscal_date_ending": "2017-06-30",
            "reported_currency": "USD",
            "total_assets": 16517223000.0,
            "total_current_assets": 6700785000.0,
            "cash_and_cash_equivalents": 1918777000.0,
            "cash_and_short_term_investments": 2164902000.0,
            "inventory": null,
            "current_net_receivables": null,
            "total_non_current_assets": 1056164000.0,
            "property_plant_equipment": 309831000.0,
            "accumulated_depreciation_amortization_ppe": 306050000.0,
            "intangible_assets": 9078474000.0,
            "intangible_assets_excluding_goodwill": 9078474000.0,
            "goodwill": null,
            "investments": 246125000.0,
            "long_term_investments": null,
            "short_term_investments": 246125000.0,
            "other_current_assets": 386772000.0,
            "other_non_current_assets": 428133000.0,
            "total_liabilities": 13404723000.0,
            "total_current_liabilities": 5122945000.0,
            "current_accounts_payable": 273398000.0,
            "deferred_revenue": 505302000.0,
            "current_debt": null,
            "short_term_debt": 248871000.0,
            "total_non_current_liabilities": 4925688000.0,
            "capital_lease_obligations": null,
            "long_term_debt": 4836502000.0,
            "current_long_term_debt": 4836502000.0,
            "long_term_debt_non_current": 4836502000.0,
            "short_long_term_debt_total": -48200000.0,
            "other_current_liabilities": 4095374000.0,
            "other_non_current_liabilities": 89186000.0,
            "total_shareholder_equity": 3112500000.0,
            "treasury_stock": null,
            "retained_earnings": 1416010000.0,
            "common_stock": 1727858000.0,
            "common_stock_shares_outstanding": 431749744.0
        },
        {
            "fiscal_date_ending": "2017-09-30",
            "reported_currency": "USD",
            "total_assets": 16951540000.0,
            "total_current_assets": 6385348000.0,
            "cash_and_cash_equivalents": 1746469000.0,
            "cash_and_short_term_investments": 1746469000.0,
            "inventory": null,
            "current_net_receivables": null,
            "total_non_current_assets": 1200488000.0,
            "property_plant_equipment": 322421000.0,
            "accumulated_depreciation_amortization_ppe": 321801000.0,
            "intangible_assets": 9739704000.0,
            "intangible_assets_excluding_goodwill": 9739704000.0,
            "goodwill": null,
            "investments": null,
            "long_term_investments": null,
            "short_term_investments": null,
            "other_current_assets": 415492000.0,
            "other_non_current_assets": 504067000.0,
            "total_liabilities": 13624179000.0,
            "total_current_liabilities": 5310677000.0,
            "current_accounts_payable": 301443000.0,
            "deferred_revenue": 535425000.0,
            "current_debt": null,
            "short_term_debt": 331723000.0,
            "total_non_current_liabilities": 5016998000.0,
            "capital_lease_obligations": null,
            "long_term_debt": 4888783000.0,
            "current_long_term_debt": 4888783000.0,
            "long_term_debt_non_current": 4888783000.0,
            "short_long_term_debt_total": -46800000.0,
            "other_current_liabilities": 4142086000.0,
            "other_non_current_liabilities": 128215000.0,
            "total_shareholder_equity": 3327361000.0,
            "treasury_stock": null,
            "retained_earnings": 1545600000.0,
            "common_stock": 1807123000.0,
            "common_stock_shares_outstanding": 432731130.0
        },
        {
            "fiscal_date_ending": "2017-12-31",
            "reported_currency": "USD",
            "total_assets": 19012742000.0,
            "total_current_assets": 7669974000.0,
            "cash_and_cash_equivalents": 2822795000.0,
            "cash_and_short_term_investments": 2822795000.0,
            "inventory": null,
            "current_net_receivables": null,
            "total_non_current_assets": 971713000.0,
            "property_plant_equipment": 319404000.0,
            "accumulated_depreciation_amortization_ppe": 321814000.0,
            "intangible_assets": 10371055000.0,
            "intangible_assets_excluding_goodwill": 10371055000.0,
            "goodwill": null,
            "investments": null,
            "long_term_investments": 1276000.0,
            "short_term_investments": null,
            "other_current_assets": 536245000.0,
            "other_non_current_assets": 652309000.0,
            "total_liabilities": 15430786000.0,
            "total_current_liabilities": 5466312000.0,
            "current_accounts_payable": 359555000.0,
            "deferred_revenue": 618622000.0,
            "current_debt": null,
            "short_term_debt": 315094000.0,
            "total_non_current_liabilities": 6634646000.0,
            "capital_lease_obligations": null,
            "long_term_debt": 9048828000.0,
            "current_long_term_debt": 6499432000.0,
            "long_term_debt_non_current": 6499432000.0,
            "short_long_term_debt_total": -61900000.0,
            "other_current_liabilities": 4173041000.0,
            "other_non_current_liabilities": 135246000.0,
            "total_shareholder_equity": 3581956000.0,
            "treasury_stock": null,
            "retained_earnings": 1731117000.0,
            "common_stock": 1871396000.0,
            "common_stock_shares_outstanding": 433392686.0
        },
        {
            "fiscal_date_ending": "2018-03-31",
            "reported_currency": "USD",
            "total_assets": 20152797000.0,
            "total_current_assets": 7817576000.0,
            "cash_and_cash_equivalents": 2593666000.0,
            "cash_and_short_term_investments": 2593666000.0,
            "inventory": null,
            "current_net_receivables": null,
            "total_non_current_assets": 1521018000.0,
            "property_plant_equipment": 341932000.0,
            "accumulated_depreciation_amortization_ppe": 337866000.0,
            "intangible_assets": 11314803000.0,
            "intangible_assets_excluding_goodwill": 11314803000.0,
            "goodwill": null,
            "investments": null,
            "long_term_investments": 1280000.0,
            "short_term_investments": null,
            "other_current_assets": 597388000.0,
            "other_non_current_assets": 678486000.0,
            "total_liabilities": 16132067000.0,
            "total_current_liabilities": 6005587000.0,
            "current_accounts_payable": 436183000.0,
            "deferred_revenue": 673892000.0,
            "current_debt": null,
            "short_term_debt": 429431000.0,
            "total_non_current_liabilities": 6682004000.0,
            "capital_lease_obligations": null,
            "long_term_debt": 9079118000.0,
            "current_long_term_debt": 6542373000.0,
            "long_term_debt_non_current": 6542373000.0,
            "short_long_term_debt_total": 9079118000.0,
            "other_current_liabilities": 4466081000.0,
            "other_non_current_liabilities": 139631000.0,
            "total_shareholder_equity": 4020730000.0,
            "treasury_stock": null,
            "retained_earnings": 2021241000.0,
            "common_stock": 1995225000.0,
            "common_stock_shares_outstanding": 434657303.0
        },
        {
            "fiscal_date_ending": "2018-06-30",
            "reported_currency": "USD",
            "total_assets": 22663537000.0,
            "total_current_assets": 9346889000.0,
            "cash_and_cash_equivalents": 3906357000.0,
            "cash_and_short_term_investments": 3906357000.0,
            "inventory": null,
            "current_net_receivables": null,
            "total_non_current_assets": 1534478000.0,
            "property_plant_equipment": 349646000.0,
            "accumulated_depreciation_amortization_ppe": 340296000.0,
            "intangible_assets": 12292070000.0,
            "intangible_assets_excluding_goodwill": 12292070000.0,
            "goodwill": null,
            "investments": null,
            "long_term_investments": null,
            "short_term_investments": null,
            "other_current_assets": 636869000.0,
            "other_non_current_assets": 674932000.0,
            "total_liabilities": 18166937000.0,
            "total_current_liabilities": 6079641000.0,
            "current_accounts_payable": 448219000.0,
            "deferred_revenue": 697740000.0,
            "current_debt": null,
            "short_term_debt": 392595000.0,
            "total_non_current_liabilities": 8483138000.0,
            "capital_lease_obligations": null,
            "long_term_debt": 11913822000.0,
            "current_long_term_debt": 8342067000.0,
            "long_term_debt_non_current": 8342067000.0,
            "short_long_term_debt_total": 11913822000.0,
            "other_current_liabilities": 4541087000.0,
            "other_non_current_liabilities": 141071000.0,
            "total_shareholder_equity": 4496600000.0,
            "treasury_stock": null,
            "retained_earnings": 2405590000.0,
            "common_stock": 2103437000.0,
            "common_stock_shares_outstanding": 435457505.0
        },
        {
            "fiscal_date_ending": "2018-09-30",
            "reported_currency": "USD",
            "total_assets": 23366229000.0,
            "total_current_assets": 8729981000.0,
            "cash_and_cash_equivalents": 3067534000.0,
            "cash_and_short_term_investments": 3067534000.0,
            "inventory": null,
            "current_net_receivables": null,
            "total_non_current_assets": 1227805000.0,
            "property_plant_equipment": 371152000.0,
            "accumulated_depreciation_amortization_ppe": 355963000.0,
            "intangible_assets": 13408443000.0,
            "intangible_assets_excluding_goodwill": 13408443000.0,
            "goodwill": null,
            "investments": null,
            "long_term_investments": null,
            "short_term_investments": null,
            "other_current_assets": 674531000.0,
            "other_non_current_assets": 856653000.0,
            "total_liabilities": 18356576000.0,
            "total_current_liabilities": 6298240000.0,
            "current_accounts_payable": 441427000.0,
            "deferred_revenue": 716723000.0,
            "current_debt": null,
            "short_term_debt": 527079000.0,
            "total_non_current_liabilities": 8464513000.0,
            "capital_lease_obligations": null,
            "long_term_debt": 11834963000.0,
            "current_long_term_debt": 8336586000.0,
            "long_term_debt_non_current": 8336586000.0,
            "short_long_term_debt_total": 11834963000.0,
            "other_current_liabilities": 4613011000.0,
            "other_non_current_liabilities": 127927000.0,
            "total_shareholder_equity": 5009653000.0,
            "treasury_stock": null,
            "retained_earnings": 2808425000.0,
            "common_stock": 2215736000.0,
            "common_stock_shares_outstanding": 436084995.0
        },
        {
            "fiscal_date_ending": "2018-12-31",
            "reported_currency": "USD",
            "total_assets": 25974400000.0,
            "total_current_assets": 9694135000.0,
            "cash_and_cash_equivalents": 3794483000.0,
            "cash_and_short_term_investments": 3794483000.0,
            "inventory": null,
            "current_net_receivables": 206921000.0,
            "total_non_current_assets": 1319311000.0,
            "property_plant_equipment": 418281000.0,
            "accumulated_depreciation_amortization_ppe": 368519000.0,
            "intangible_assets": 14960954000.0,
            "intangible_assets_excluding_goodwill": 14960954000.0,
            "goodwill": null,
            "investments": null,
            "long_term_investments": 1298000.0,
            "short_term_investments": null,
            "other_current_assets": 748466000.0,
            "other_non_current_assets": 910843000.0,
            "total_liabilities": 20735635000.0,
            "total_current_liabilities": 6487320000.0,
            "current_accounts_payable": 562985000.0,
            "deferred_revenue": 760899000.0,
            "current_debt": null,
            "short_term_debt": 477417000.0,
            "total_non_current_liabilities": 10489231000.0,
            "capital_lease_obligations": null,
            "long_term_debt": 14873195000.0,
            "current_long_term_debt": null,
            "long_term_debt_non_current": 10360058000.0,
            "short_long_term_debt_total": 14873195000.0,
            "other_current_liabilities": 4686019000.0,
            "other_non_current_liabilities": 129231000.0,
            "total_shareholder_equity": 5238765000.0,
            "treasury_stock": null,
            "retained_earnings": 2942359000.0,
            "common_stock": 2315988000.0,
            "common_stock_shares_outstanding": 436598597.0
        },
        {
            "fiscal_date_ending": "2019-03-31",
            "reported_currency": "USD",
            "total_assets": 27218632000.0,
            "total_current_assets": 4168907000.0,
            "cash_and_cash_equivalents": 3348557000.0,
            "cash_and_short_term_investments": 3348557000.0,
            "inventory": -432955000.0,
            "current_net_receivables": null,
            "total_non_current_assets": 2160940000.0,
            "property_plant_equipment": 434372000.0,
            "accumulated_depreciation_amortization_ppe": 371023000.0,
            "intangible_assets": 20888785000.0,
            "intangible_assets_excluding_goodwill": 20888785000.0,
            "goodwill": null,
            "investments": null,
            "long_term_investments": null,
            "short_term_investments": null,
            "other_current_assets": 820350000.0,
            "other_non_current_assets": 1726568000.0,
            "total_liabilities": 21515574000.0,
            "total_current_liabilities": 6857807000.0,
            "current_accounts_payable": 439496000.0,
            "deferred_revenue": null,
            "current_debt": null,
            "short_term_debt": 746268000.0,
            "total_non_current_liabilities": 11097403000.0,
            "capital_lease_obligations": null,
            "long_term_debt": 14768151000.0,
            "current_long_term_debt": 122498000.0,
            "long_term_debt_non_current": 10305023000.0,
            "short_long_term_debt_total": 14768151000.0,
            "other_current_liabilities": 4863351000.0,
            "other_non_current_liabilities": 792380000.0,
            "total_shareholder_equity": 5703058000.0,
            "treasury_stock": null,
            "retained_earnings": 3288885000.0,
            "common_stock": 2439773000.0,
            "common_stock_shares_outstanding": 437191891.0
        },
        {
            "fiscal_date_ending": "2019-06-30",
            "reported_currency": "USD",
            "total_assets": 30171339000.0,
            "total_current_assets": 5877157000.0,
            "cash_and_cash_equivalents": 5004247000.0,
            "cash_and_short_term_investments": 5004247000.0,
            "inventory": -492034000.0,
            "current_net_receivables": null,
            "total_non_current_assets": 3878442000.0,
            "property_plant_equipment": 452399000.0,
            "accumulated_depreciation_amortization_ppe": 385112000.0,
            "intangible_assets": 21945740000.0,
            "intangible_assets_excluding_goodwill": 21945740000.0,
            "goodwill": null,
            "investments": null,
            "long_term_investments": null,
            "short_term_investments": null,
            "other_current_assets": 872910000.0,
            "other_non_current_assets": 1896043000.0,
            "total_liabilities": 24065791000.0,
            "total_current_liabilities": 6933984000.0,
            "current_accounts_payable": 442194000.0,
            "deferred_revenue": 892777000.0,
            "current_debt": 137662000.0,
            "short_term_debt": 750812000.0,
            "total_non_current_liabilities": 14513687000.0,
            "capital_lease_obligations": null,
            "long_term_debt": 17909126000.0,
            "current_long_term_debt": 137662000.0,
            "long_term_debt_non_current": 12594135000.0,
            "short_long_term_debt_total": 17909126000.0,
            "other_current_liabilities": 4848201000.0,
            "other_non_current_liabilities": 973232000.0,
            "total_shareholder_equity": 6105548000.0,
            "treasury_stock": null,
            "retained_earnings": 3559535000.0,
            "common_stock": 2566365000.0,
            "common_stock_shares_outstanding": 437834882.0
        },
        {
            "fiscal_date_ending": "2019-09-30",
            "reported_currency": "USD",
            "total_assets": 30941711000.0,
            "total_current_assets": 5327758000.0,
            "cash_and_cash_equivalents": 4435018000.0,
            "cash_and_short_term_investments": 4435018000.0,
            "inventory": -466168000.0,
            "current_net_receivables": null,
            "total_non_current_assets": 3879959000.0,
            "property_plant_equipment": 481992000.0,
            "accumulated_depreciation_amortization_ppe": 402604000.0,
            "intangible_assets": 23234994000.0,
            "intangible_assets_excluding_goodwill": 23234994000.0,
            "goodwill": null,
            "investments": null,
            "long_term_investments": null,
            "short_term_investments": null,
            "other_current_assets": 892740000.0,
            "other_non_current_assets": 1896967000.0,
            "total_liabilities": 24080206000.0,
            "total_current_liabilities": 7257900000.0,
            "current_accounts_payable": 444129000.0,
            "deferred_revenue": 915506000.0,
            "current_debt": 160941000.0,
            "short_term_debt": 1037723000.0,
            "total_non_current_liabilities": 14355432000.0,
            "capital_lease_obligations": null,
            "long_term_debt": 17647322000.0,
            "current_long_term_debt": 160941000.0,
            "long_term_debt_non_current": 12425746000.0,
            "short_long_term_debt_total": 17647322000.0,
            "other_current_liabilities": 4860542000.0,
            "other_non_current_liabilities": 977008000.0,
            "total_shareholder_equity": 6861505000.0,
            "treasury_stock": null,
            "retained_earnings": 4224779000.0,
            "common_stock": 2677972000.0,
            "common_stock_shares_outstanding": 438251289.0
        },
        {
            "fiscal_date_ending": "2019-12-31",
            "reported_currency": "USD",
            "total_assets": 33975712000.0,
            "total_current_assets": 6178504000.0,
            "cash_and_cash_equivalents": 5018437000.0,
            "cash_and_short_term_investments": 5018437000.0,
            "inventory": -979068000.0,
            "current_net_receivables": 524669000.0,
            "total_non_current_assets": 4824641000.0,
            "property_plant_equipment": 565221000.0,
            "accumulated_depreciation_amortization_ppe": 416005000.0,
            "intangible_assets": 24504567000.0,
            "intangible_assets_excluding_goodwill": 24504567000.0,
            "goodwill": null,
            "investments": null,
            "long_term_investments": null,
            "short_term_investments": null,
            "other_current_assets": 1160067000.0,
            "other_non_current_assets": 2727420000.0,
            "total_liabilities": 26393555000.0,
            "total_current_liabilities": 6855696000.0,
            "current_accounts_payable": 674347000.0,
            "deferred_revenue": 924745000.0,
            "current_debt": 190622000.0,
            "short_term_debt": 0.0,
            "total_non_current_liabilities": 17626148000.0,
            "capital_lease_obligations": null,
            "long_term_debt": 20723441000.0,
            "current_long_term_debt": 190622000.0,
            "long_term_debt_non_current": 14759260000.0,
            "short_long_term_debt_total": 20723441000.0,
            "other_current_liabilities": 4413561000.0,
            "other_non_current_liabilities": 1444276000.0,
            "total_shareholder_equity": 7582157000.0,
            "treasury_stock": null,
            "retained_earnings": 4811749000.0,
            "common_stock": 2793929000.0,
            "common_stock_shares_outstanding": 438806649.0
        },
        {
            "fiscal_date_ending": "2020-03-31",
            "reported_currency": "USD",
            "total_assets": 35059910000.0,
            "total_current_assets": 6447781000.0,
            "cash_and_cash_equivalents": 5151884000.0,
            "cash_and_short_term_investments": 5151884000.0,
            "inventory": null,
            "current_net_receivables": 541631000.0,
            "total_non_current_assets": 4847240000.0,
            "property_plant_equipment": 650455000.0,
            "accumulated_depreciation_amortization_ppe": 436556000.0,
            "intangible_assets": 25266889000.0,
            "intangible_assets_excluding_goodwill": 25266889000.0,
            "goodwill": null,
            "investments": null,
            "long_term_investments": null,
            "short_term_investments": null,
            "other_current_assets": 1295897000.0,
            "other_non_current_assets": 2694785000.0,
            "total_liabilities": 26650616000.0,
            "total_current_liabilities": 7853725000.0,
            "current_accounts_payable": 545488000.0,
            "deferred_revenue": 986753000.0,
            "current_debt": 694809000.0,
            "short_term_debt": 498809000.0,
            "total_non_current_liabilities": 16990840000.0,
            "capital_lease_obligations": null,
            "long_term_debt": 20587654000.0,
            "current_long_term_debt": 196000000.0,
            "long_term_debt_non_current": 14170692000.0,
            "short_long_term_debt_total": 21086463000.0,
            "other_current_liabilities": 5822675000.0,
            "other_non_current_liabilities": 1420148000.0,
            "total_shareholder_equity": 8409294000.0,
            "treasury_stock": null,
            "retained_earnings": 5520816000.0,
            "common_stock": 2935532000.0,
            "common_stock_shares_outstanding": 439780618.0
        },
        {
            "fiscal_date_ending": "2020-06-30",
            "reported_currency": "USD",
            "total_assets": 37175281000.0,
            "total_current_assets": 8564139000.0,
            "cash_and_cash_equivalents": 7153248000.0,
            "cash_and_short_term_investments": 7153248000.0,
            "inventory": null,
            "current_net_receivables": 640471000.0,
            "total_non_current_assets": 5268025000.0,
            "property_plant_equipment": 751941000.0,
            "accumulated_depreciation_amortization_ppe": 460206000.0,
            "intangible_assets": 25155117000.0,
            "intangible_assets_excluding_goodwill": 25155117000.0,
            "goodwill": null,
            "investments": null,
            "long_term_investments": null,
            "short_term_investments": null,
            "other_current_assets": 1410891000.0,
            "other_non_current_assets": 2704084000.0,
            "total_liabilities": 27840528000.0,
            "total_current_liabilities": 7626418000.0,
            "current_accounts_payable": 446668000.0,
            "deferred_revenue": 1029261000.0,
            "current_debt": 499000000.0,
            "short_term_debt": 499000000.0,
            "total_non_current_liabilities": 18692946000.0,
            "capital_lease_obligations": null,
            "long_term_debt": 21577103000.0,
            "current_long_term_debt": 499161000.0,
            "long_term_debt_non_current": 15294998000.0,
            "short_long_term_debt_total": 22076103000.0,
            "other_current_liabilities": 5651328000.0,
            "other_non_current_liabilities": 1710948000.0,
            "total_shareholder_equity": 9334753000.0,
            "treasury_stock": null,
            "retained_earnings": 6241012000.0,
            "common_stock": 3127813000.0,
            "common_stock_shares_outstanding": 441015443.0
        },
        {
            "fiscal_date_ending": "2020-09-30",
            "reported_currency": "USD",
            "total_assets": 38622543000.0,
            "total_current_assets": 9826480000.0,
            "cash_and_cash_equivalents": 8392391000.0,
            "cash_and_short_term_investments": 8392391000.0,
            "inventory": null,
            "current_net_receivables": 620082000.0,
            "total_non_current_assets": 5667430000.0,
            "property_plant_equipment": 828118000.0,
            "accumulated_depreciation_amortization_ppe": 474185000.0,
            "intangible_assets": 25067633000.0,
            "intangible_assets_excluding_goodwill": 25067633000.0,
            "goodwill": null,
            "investments": null,
            "long_term_investments": null,
            "short_term_investments": null,
            "other_current_assets": 1434089000.0,
            "other_non_current_assets": 2900312000.0,
            "total_liabilities": 28289220000.0,
            "total_current_liabilities": 7939795000.0,
            "current_accounts_payable": 541298000.0,
            "deferred_revenue": 1040202000.0,
            "current_debt": 499517000.0,
            "short_term_debt": 499517000.0,
            "total_non_current_liabilities": 19275851000.0,
            "capital_lease_obligations": null,
            "long_term_debt": 21882995000.0,
            "current_long_term_debt": 499517000.0,
            "long_term_debt_non_current": 15547616000.0,
            "short_long_term_debt_total": 22382512000.0,
            "other_current_liabilities": 5858778000.0,
            "other_non_current_liabilities": 1875235000.0,
            "total_shareholder_equity": 10333323000.0,
            "treasury_stock": null,
            "retained_earnings": 7030988000.0,
            "common_stock": 3303482000.0,
            "common_stock_shares_outstanding": 441795008.0
        },
        {
            "fiscal_date_ending": "2020-12-31",
            "reported_currency": "USD",
            "total_assets": 39280359000.0,
            "total_current_assets": 9761580000.0,
            "cash_and_cash_equivalents": 8205550000.0,
            "cash_and_short_term_investments": 8205550000.0,
            "inventory": null,
            "current_net_receivables": 742169000.0,
            "total_non_current_assets": 6172555000.0,
            "property_plant_equipment": 960183000.0,
            "accumulated_depreciation_amortization_ppe": 494790000.0,
            "intangible_assets": 25383950000.0,
            "intangible_assets_excluding_goodwill": 25383950000.0,
            "goodwill": null,
            "investments": null,
            "long_term_investments": null,
            "short_term_investments": null,
            "other_current_assets": 1556030000.0,
            "other_non_current_assets": 3174646000.0,
            "total_liabilities": 28215119000.0,
            "total_current_liabilities": 7805785000.0,
            "current_accounts_payable": 656183000.0,
            "deferred_revenue": 1117992000.0,
            "current_debt": 499878000.0,
            "short_term_debt": 499878000.0,
            "total_non_current_liabilities": 19736881000.0,
            "capital_lease_obligations": null,
            "long_term_debt": 21857087000.0,
            "current_long_term_debt": 499878000.0,
            "long_term_debt_non_current": 15809095000.0,
            "short_long_term_debt_total": 22356965000.0,
            "other_current_liabilities": 5531732000.0,
            "other_non_current_liabilities": 1982155000.0,
            "total_shareholder_equity": 11065240000.0,
            "treasury_stock": 0.0,
            "retained_earnings": 7573144000.0,
            "common_stock": 3447698000.0,
            "common_stock_shares_outstanding": 442895261.0
        },
        {
            "fiscal_date_ending": "2021-03-31",
            "reported_currency": "USD",
            "total_assets": 40123014000.0,
            "total_current_assets": 10107508000.0,
            "cash_and_cash_equivalents": 8403705000.0,
            "cash_and_short_term_investments": 8403705000.0,
            "inventory": null,
            "current_net_receivables": 623240000.0,
            "total_non_current_assets": 5979244000.0,
            "property_plant_equipment": 1015419000.0,
            "accumulated_depreciation_amortization_ppe": 520544000.0,
            "intangible_assets": 26043991000.0,
            "intangible_assets_excluding_goodwill": 26043991000.0,
            "goodwill": null,
            "investments": null,
            "long_term_investments": null,
            "short_term_investments": null,
            "other_current_assets": 1703803000.0,
            "other_non_current_assets": 2956096000.0,
            "total_liabilities": 27238934000.0,
            "total_current_liabilities": 7961770000.0,
            "current_accounts_payable": 532942000.0,
            "deferred_revenue": 1140271000.0,
            "current_debt": 698788000.0,
            "short_term_debt": 698788000.0,
            "total_non_current_liabilities": 18723430000.0,
            "capital_lease_obligations": null,
            "long_term_debt": 21000783000.0,
            "current_long_term_debt": 698788000.0,
            "long_term_debt_non_current": 14860552000.0,
            "short_long_term_debt_total": 21699571000.0,
            "other_current_liabilities": 5589769000.0,
            "other_non_current_liabilities": 1950986000.0,
            "total_shareholder_equity": 12884080000.0,
            "treasury_stock": null,
            "retained_earnings": 9279859000.0,
            "common_stock": 3600084000.0,
            "common_stock_shares_outstanding": 443383732.0
        },
        {
            "fiscal_date_ending": "2021-06-30",
            "reported_currency": "USD",
            "total_assets": 40970969000.0,
            "total_current_assets": 9604276000.0,
            "cash_and_cash_equivalents": 7777530000.0,
            "cash_and_short_term_investments": 7777530000.0,
            "inventory": null,
            "current_net_receivables": 756687000.0,
            "total_non_current_assets": 6177729000.0,
            "property_plant_equipment": 1107437000.0,
            "accumulated_depreciation_amortization_ppe": 552965000.0,
            "intangible_assets": 27291640000.0,
            "intangible_assets_excluding_goodwill": 27291640000.0,
            "goodwill": null,
            "investments": null,
            "long_term_investments": null,
            "short_term_investments": null,
            "other_current_assets": 1826746000.0,
            "other_non_current_assets": 2967616000.0,
            "total_liabilities": 27107098000.0,
            "total_current_liabilities": 7832888000.0,
            "current_accounts_payable": 622931000.0,
            "deferred_revenue": 1187364000.0,
            "current_debt": 699128000.0,
            "short_term_debt": 699128000.0,
            "total_non_current_liabilities": 19050991000.0,
            "capital_lease_obligations": null,
            "long_term_debt": 20723146000.0,
            "current_long_term_debt": 699128000.0,
            "long_term_debt_non_current": 14926889000.0,
            "short_long_term_debt_total": 21422274000.0,
            "other_current_liabilities": 5323465000.0,
            "other_non_current_liabilities": 2082035000.0,
            "total_shareholder_equity": 13863871000.0,
            "treasury_stock": 500022000.0,
            "retained_earnings": 10632872000.0,
            "common_stock": 3721246000.0,
            "common_stock_shares_outstanding": 442595888.0
        },
        {
            "fiscal_date_ending": "2021-09-30",
            "reported_currency": "USD",
            "total_assets": 42739857000.0,
            "total_current_assets": 9415787000.0,
            "cash_and_cash_equivalents": 7526681000.0,
            "cash_and_short_term_investments": 7526681000.0,
            "inventory": null,
            "current_net_receivables": 801665000.0,
            "total_non_current_assets": 6599483000.0,
            "property_plant_equipment": 1220114000.0,
            "accumulated_depreciation_amortization_ppe": 593371000.0,
            "intangible_assets": 28974045000.0,
            "intangible_assets_excluding_goodwill": 28974045000.0,
            "goodwill": null,
            "investments": null,
            "long_term_investments": null,
            "short_term_investments": null,
            "other_current_assets": 1889106000.0,
            "other_non_current_assets": 3129911000.0,
            "total_liabilities": 27425240000.0,
            "total_current_liabilities": 8049246000.0,
            "current_accounts_payable": 643059000.0,
            "deferred_revenue": 1182632000.0,
            "current_debt": 699473000.0,
            "short_term_debt": 699473000.0,
            "total_non_current_liabilities": 19297284000.0,
            "capital_lease_obligations": null,
            "long_term_debt": 20535734000.0,
            "current_long_term_debt": 699473000.0,
            "long_term_debt_non_current": 14793691000.0,
            "short_long_term_debt_total": 21235207000.0,
            "other_current_liabilities": 5524082000.0,
            "other_non_current_liabilities": 2281277000.0,
            "total_shareholder_equity": 15314617000.0,
            "treasury_stock": 600022000.0,
            "retained_earnings": 12081943000.0,
            "common_stock": 3852531000.0,
            "common_stock_shares_outstanding": 442952194.0
        },
        {
            "fiscal_date_ending": "2021-12-31",
            "reported_currency": "USD",
            "total_assets": 44584663000.0,
            "total_current_assets": 8069825000.0,
            "cash_and_cash_equivalents": 6027804000.0,
            "cash_and_short_term_investments": 6055111000.0,
            "inventory": null,
            "current_net_receivables": 913883000.0,
            "total_non_current_assets": 8041872000.0,
            "property_plant_equipment": 1323453000.0,
            "accumulated_depreciation_amortization_ppe": 616306000.0,
            "intangible_assets": 30919539000.0,
            "intangible_assets_excluding_goodwill": 30919539000.0,
            "goodwill": null,
            "investments": null,
            "long_term_investments": null,
            "short_term_investments": 0.0,
            "other_current_assets": 2042021000.0,
            "other_non_current_assets": 4271846000.0,
            "total_liabilities": 28735415000.0,
            "total_current_liabilities": 8488966000.0,
            "current_accounts_payable": 837483000.0,
            "deferred_revenue": 1209342000.0,
            "current_debt": 699823000.0,
            "short_term_debt": 699823000.0,
            "total_non_current_liabilities": 19560722000.0,
            "capital_lease_obligations": null,
            "long_term_debt": 15301000000.0,
            "current_long_term_debt": 699823000.0,
            "long_term_debt_non_current": 14693072000.0,
            "short_long_term_debt_total": 16000823000.0,
            "other_current_liabilities": 5742318000.0,
            "other_non_current_liabilities": 2459164000.0,
            "total_shareholder_equity": 15849248000.0,
            "treasury_stock": 824190000.0,
            "retained_earnings": 12689372000.0,
            "common_stock": 4024561000.0,
            "common_stock_shares_outstanding": 443963107.0
        },
        {
            "fiscal_date_ending": "2022-03-31",
            "reported_currency": "USD",
            "total_assets": 45330904000.0,
            "total_current_assets": 8098015000.0,
            "cash_and_cash_equivalents": 6008946000.0,
            "cash_and_short_term_investments": 6008946000.0,
            "inventory": null,
            "current_net_receivables": 845285000.0,
            "total_non_current_assets": 8524747000.0,
            "property_plant_equipment": 1383763000.0,
            "accumulated_depreciation_amortization_ppe": 690132000.0,
            "intangible_assets": 31191920000.0,
            "intangible_assets_excluding_goodwill": 31191920000.0,
            "goodwill": null,
            "investments": null,
            "long_term_investments": null,
            "short_term_investments": null,
            "other_current_assets": 2089069000.0,
            "other_non_current_assets": 4657206000.0,
            "total_liabilities": 27786865000.0,
            "total_current_liabilities": 7739656000.0,
            "current_accounts_payable": 617202000.0,
            "deferred_revenue": 1239048000.0,
            "current_debt": 0.0,
            "short_term_debt": 0.0,
            "total_non_current_liabilities": 19536066000.0,
            "capital_lease_obligations": null,
            "long_term_debt": 14447000000.0,
            "current_long_term_debt": null,
            "long_term_debt_non_current": 14534561000.0,
            "short_long_term_debt_total": 14447000000.0,
            "other_current_liabilities": 5883406000.0,
            "other_non_current_liabilities": 2567427000.0,
            "total_shareholder_equity": 17544039000.0,
            "treasury_stock": 824190000.0,
            "retained_earnings": 14286819000.0,
            "common_stock": 4155580000.0,
            "common_stock_shares_outstanding": 444273850.0
        },
        {
            "fiscal_date_ending": "2022-06-30",
            "reported_currency": "USD",
            "total_assets": 46350935000.0,
            "total_current_assets": 7840778000.0,
            "cash_and_cash_equivalents": 5819449000.0,
            "cash_and_short_term_investments": 5819449000.0,
            "inventory": null,
            "current_net_receivables": 887640000.0,
            "total_non_current_assets": 8318380000.0,
            "property_plant_equipment": 1361920000.0,
            "accumulated_depreciation_amortization_ppe": 664896000.0,
            "intangible_assets": 32533199000.0,
            "intangible_assets_excluding_goodwill": 32533199000.0,
            "goodwill": null,
            "investments": null,
            "long_term_investments": null,
            "short_term_investments": null,
            "other_current_assets": 2021329000.0,
            "other_non_current_assets": 4615038000.0,
            "total_liabilities": 27274961000.0,
            "total_current_liabilities": 7500022000.0,
            "current_accounts_payable": 504278000.0,
            "deferred_revenue": 1224743000.0,
            "current_debt": 0.0,
            "short_term_debt": 0.0,
            "total_non_current_liabilities": 19123807000.0,
            "capital_lease_obligations": null,
            "long_term_debt": 14148000000.0,
            "current_long_term_debt": null,
            "long_term_debt_non_current": 14233303000.0,
            "short_long_term_debt_total": 14148000000.0,
            "other_current_liabilities": 5771001000.0,
            "other_non_current_liabilities": 2551675000.0,
            "total_shareholder_equity": 19075974000.0,
            "treasury_stock": 824190000.0,
            "retained_earnings": 15727770000.0,
            "common_stock": 4316870000.0,
            "common_stock_shares_outstanding": 444705591.0
        },
        {
            "fiscal_date_ending": "2022-09-30",
            "reported_currency": "USD",
            "total_assets": 47562187000.0,
            "total_current_assets": 8816903000.0,
            "cash_and_cash_equivalents": 6113733000.0,
            "cash_and_short_term_investments": 6113733000.0,
            "inventory": null,
            "current_net_receivables": 1436296000.0,
            "total_non_current_assets": 8179451000.0,
            "property_plant_equipment": 1372754000.0,
            "accumulated_depreciation_amortization_ppe": 710022000.0,
            "intangible_assets": 32777340000.0,
            "intangible_assets_excluding_goodwill": 32777340000.0,
            "goodwill": null,
            "investments": null,
            "long_term_investments": null,
            "short_term_investments": null,
            "other_current_assets": 2703170000.0,
            "other_non_current_assets": 4595190000.0,
            "total_liabilities": 27034046000.0,
            "total_current_liabilities": 7765924000.0,
            "current_accounts_payable": 560156000.0,
            "deferred_revenue": 1176323000.0,
            "current_debt": 0.0,
            "short_term_debt": 0.0,
            "total_non_current_liabilities": 18522479000.0,
            "capital_lease_obligations": null,
            "long_term_debt": 13806000000.0,
            "current_long_term_debt": null,
            "long_term_debt_non_current": 13888117000.0,
            "short_long_term_debt_total": 13806000000.0,
            "other_current_liabilities": 6029445000.0,
            "other_non_current_liabilities": 2424637000.0,
            "total_shareholder_equity": 20528141000.0,
            "treasury_stock": 824190000.0,
            "retained_earnings": 17126012000.0,
            "common_stock": 4473962000.0,
            "common_stock_shares_outstanding": 445020494.0
        },
        {
            "fiscal_date_ending": "2022-12-31",
            "reported_currency": "USD",
            "total_assets": 48594768000.0,
            "total_current_assets": 9266473000.0,
            "cash_and_cash_equivalents": 5147176000.0,
            "cash_and_short_term_investments": 6081858000.0,
            "inventory": null,
            "current_net_receivables": 2424388000.0,
            "total_non_current_assets": 8818704000.0,
            "property_plant_equipment": 1398257000.0,
            "accumulated_depreciation_amortization_ppe": 753741000.0,
            "intangible_assets": 32736713000.0,
            "intangible_assets_excluding_goodwill": 32736713000.0,
            "goodwill": null,
            "investments": null,
            "long_term_investments": null,
            "short_term_investments": 911276000.0,
            "other_current_assets": 3208021000.0,
            "other_non_current_assets": 5193325000.0,
            "total_liabilities": 27817367000.0,
            "total_current_liabilities": 7930974000.0,
            "current_accounts_payable": 671513000.0,
            "deferred_revenue": 1264661000.0,
            "current_debt": 0.0,
            "short_term_debt": 0.0,
            "total_non_current_liabilities": 19027619000.0,
            "capital_lease_obligations": null,
            "long_term_debt": 14274000000.0,
            "current_long_term_debt": null,
            "long_term_debt_non_current": 14353076000.0,
            "short_long_term_debt_total": 14274000000.0,
            "other_current_liabilities": 5994800000.0,
            "other_non_current_liabilities": 2452040000.0,
            "total_shareholder_equity": 20777401000.0,
            "treasury_stock": 824190000.0,
            "retained_earnings": 17181296000.0,
            "common_stock": 4637601000.0,
            "common_stock_shares_outstanding": 445346776.0
        },
        {
            "fiscal_date_ending": "2023-03-31",
            "reported_currency": "USD",
            "total_assets": 49490345000.0,
            "total_current_assets": 10482623000.0,
            "cash_and_cash_equivalents": 6714594000.0,
            "cash_and_short_term_investments": 7850929000.0,
            "inventory": null,
            "current_net_receivables": 1143613000.0,
            "total_non_current_assets": 8833558000.0,
            "property_plant_equipment": 1413094000.0,
            "accumulated_depreciation_amortization_ppe": 808350000.0,
            "intangible_assets": 32349184000.0,
            "intangible_assets_excluding_goodwill": 32349184000.0,
            "goodwill": null,
            "investments": null,
            "long_term_investments": null,
            "short_term_investments": 1112910000.0,
            "other_current_assets": 2655119000.0,
            "other_non_current_assets": 5245444000.0,
            "total_liabilities": 27662149000.0,
            "total_current_liabilities": 8316070000.0,
            "current_accounts_payable": 591987000.0,
            "deferred_revenue": 1262271000.0,
            "current_debt": 399163000.0,
            "short_term_debt": 399163000.0,
            "total_non_current_liabilities": 18593465000.0,
            "capital_lease_obligations": null,
            "long_term_debt": 14361000000.0,
            "current_long_term_debt": 399163000.0,
            "long_term_debt_non_current": 14037965000.0,
            "short_long_term_debt_total": 14760163000.0,
            "other_current_liabilities": 6062649000.0,
            "other_non_current_liabilities": 2400085000.0,
            "total_shareholder_equity": 21828196000.0,
            "treasury_stock": 1228920000.0,
            "retained_earnings": 18486416000.0,
            "common_stock": 4762395000.0,
            "common_stock_shares_outstanding": 444536878.0
        },
        {
            "fiscal_date_ending": "2023-06-30",
            "reported_currency": "USD",
            "total_assets": 50817473000.0,
            "total_current_assets": 11506336000.0,
            "cash_and_cash_equivalents": 7662788000.0,
            "cash_and_short_term_investments": 8580466000.0,
            "inventory": null,
            "current_net_receivables": 1229475000.0,
            "total_non_current_assets": 8978095000.0,
            "property_plant_equipment": 1471968000.0,
            "accumulated_depreciation_amortization_ppe": 870738000.0,
            "intangible_assets": 32520774000.0,
            "intangible_assets_excluding_goodwill": 32520774000.0,
            "goodwill": null,
            "investments": null,
            "long_term_investments": null,
            "short_term_investments": 914201000.0,
            "other_current_assets": 2929347000.0,
            "other_non_current_assets": 5318395000.0,
            "total_liabilities": 27985258000.0,
            "total_current_liabilities": 8675805000.0,
            "current_accounts_payable": 615374000.0,
            "deferred_revenue": 1311918000.0,
            "current_debt": 399387000.0,
            "short_term_debt": 399387000.0,
            "total_non_current_liabilities": 18607372000.0,
            "capital_lease_obligations": 2524153000.0,
            "long_term_debt": 14398000000.0,
            "current_long_term_debt": 399387000.0,
            "long_term_debt_non_current": 14070151000.0,
            "short_long_term_debt_total": 14797387000.0,
            "other_current_liabilities": 6349126000.0,
            "other_non_current_liabilities": 2389915000.0,
            "total_shareholder_equity": 22832215000.0,
            "treasury_stock": 1876753000.0,
            "retained_earnings": 19974026000.0,
            "common_stock": 4874208000.0,
            "common_stock_shares_outstanding": 443146751.0
        },
        {
            "fiscal_date_ending": "2023-09-30",
            "reported_currency": "USD",
            "total_assets": 49501786000.0,
            "total_current_assets": 10779474000.0,
            "cash_and_cash_equivalents": 7353245000.0,
            "cash_and_short_term_investments": 7871037000.0,
            "inventory": 482375000.0,
            "current_net_receivables": 1289679000.0,
            "total_non_current_assets": 9096952000.0,
            "property_plant_equipment": 1498391000.0,
            "accumulated_depreciation_amortization_ppe": 902691000.0,
            "intangible_assets": 31749861000.0,
            "intangible_assets_excluding_goodwill": 31749861000.0,
            "goodwill": null,
            "investments": 109723000.0,
            "long_term_investments": null,
            "short_term_investments": 514201000.0,
            "other_current_assets": 2912028000.0,
            "other_non_current_assets": 5474060000.0,
            "total_liabilities": 27394159000.0,
            "total_current_liabilities": 8338718000.0,
            "current_accounts_payable": 534429000.0,
            "deferred_revenue": 1306185000.0,
            "current_debt": 399614000.0,
            "short_term_debt": 399614000.0,
            "total_non_current_liabilities": 18473449000.0,
            "capital_lease_obligations": null,
            "long_term_debt": 14232000000.0,
            "current_long_term_debt": 399614000.0,
            "long_term_debt_non_current": 13900754000.0,
            "short_long_term_debt_total": 14631614000.0,
            "other_current_liabilities": 6098490000.0,
            "other_non_current_liabilities": 2486215000.0,
            "total_shareholder_equity": 22107627000.0,
            "treasury_stock": 4399677000.0,
            "retained_earnings": 21651448000.0,
            "common_stock": 5011427000.0,
            "common_stock_shares_outstanding": 437679669.0
        },
        {
            "fiscal_date_ending": "2023-12-31",
            "reported_currency": "USD",
            "total_assets": 48731992000.0,
            "total_current_assets": 9918133000.0,
            "cash_and_cash_equivalents": 7116913000.0,
            "cash_and_short_term_investments": 7139488000.0,
            "inventory": 408936000.0,
            "current_net_receivables": 1639257000.0,
            "total_non_current_assets": 9232702000.0,
            "property_plant_equipment": 1491444000.0,
            "accumulated_depreciation_amortization_ppe": 855043000.0,
            "intangible_assets": 31658056000.0,
            "intangible_assets_excluding_goodwill": 31658056000.0,
            "goodwill": null,
            "investments": 30934000.0,
            "long_term_investments": null,
            "short_term_investments": 20973000.0,
            "other_current_assets": 2780247000.0,
            "other_non_current_assets": 5664359000.0,
            "total_liabilities": 28143679000.0,
            "total_current_liabilities": 8860655000.0,
            "current_accounts_payable": 747412000.0,
            "deferred_revenue": 1442969000.0,
            "current_debt": 400000000.0,
            "short_term_debt": 399844000.0,
            "total_non_current_liabilities": 18751652000.0,
            "capital_lease_obligations": null,
            "long_term_debt": 14478000000.0,
            "current_long_term_debt": 399844000.0,
            "long_term_debt_non_current": 14143417000.0,
            "short_long_term_debt_total": 14878000000.0,
            "other_current_liabilities": 6270430000.0,
            "other_non_current_liabilities": 2561434000.0,
            "total_shareholder_equity": 20588313000.0,
            "treasury_stock": 6922200000.0,
            "retained_earnings": 22589286000.0,
            "common_stock": 5145172000.0,
            "common_stock_shares_outstanding": 432759584.0
        },
        {
            "fiscal_date_ending": "2024-03-31",
            "reported_currency": "USD",
            "total_assets": 48827721000.0,
            "total_current_assets": 9921313000.0,
            "cash_and_cash_equivalents": 7024766000.0,
            "cash_and_short_term_investments": 7047562000.0,
            "inventory": -31662100000.0,
            "current_net_receivables": 1192738000.0,
            "total_non_current_assets": 9403633000.0,
            "property_plant_equipment": 1501168000.0,
            "accumulated_depreciation_amortization_ppe": 884603000.0,
            "intangible_assets": 31662100000.0,
            "intangible_assets_excluding_goodwill": 31662100000.0,
            "goodwill": null,
            "investments": 133747000.0,
            "long_term_investments": null,
            "short_term_investments": 20973000.0,
            "other_current_assets": 2875574000.0,
            "other_non_current_assets": 5743140000.0,
            "total_liabilities": 27462311000.0,
            "total_current_liabilities": 9289217000.0,
            "current_accounts_payable": 607348000.0,
            "deferred_revenue": 1469484000.0,
            "current_debt": 798936000.0,
            "short_term_debt": 798936000.0,
            "total_non_current_liabilities": 17900406000.0,
            "capital_lease_obligations": null,
            "long_term_debt": 13955000000.0,
            "current_long_term_debt": 798936000.0,
            "long_term_debt_non_current": 13217038000.0,
            "short_long_term_debt_total": 14753936000.0,
            "other_current_liabilities": 6015821000.0,
            "other_non_current_liabilities": 2585364000.0,
            "total_shareholder_equity": 21365410000.0,
            "treasury_stock": 8934056000.0,
            "retained_earnings": 24921495000.0,
            "common_stock": 5489850000.0,
            "common_stock_shares_outstanding": 430964991.0
        },
        {
            "fiscal_date_ending": "2024-06-30",
            "reported_currency": "USD",
            "total_assets": 49098895000.0,
            "total_current_assets": 9615553000.0,
            "cash_and_cash_equivalents": 6624939000.0,
            "cash_and_short_term_investments": 6658018000.0,
            "inventory": 1.0,
            "current_net_receivables": 1237660000.0,
            "total_non_current_assets": 9779248000.0,
            "property_plant_equipment": 1510958000.0,
            "accumulated_depreciation_amortization_ppe": 914727000.0,
            "intangible_assets": 31927355000.0,
            "intangible_assets_excluding_goodwill": 31927355000.0,
            "goodwill": null,
            "investments": 240829000.0,
            "long_term_investments": null,
            "short_term_investments": 30973000.0,
            "other_current_assets": 2959641000.0,
            "other_non_current_assets": 6045029000.0,
            "total_liabilities": 26986202000.0,
            "total_current_liabilities": 10139999000.0,
            "current_accounts_payable": 598557000.0,
            "deferred_revenue": 1474000000.0,
            "current_debt": 1800041000.0,
            "short_term_debt": 1800041000.0,
            "total_non_current_liabilities": 16944541000.0,
            "capital_lease_obligations": null,
            "long_term_debt": 13922000000.0,
            "current_long_term_debt": 1800041000.0,
            "long_term_debt_non_current": 12180024000.0,
            "short_long_term_debt_total": 15722041000.0,
            "other_current_liabilities": 5850672000.0,
            "other_non_current_liabilities": 2637397000.0,
            "total_shareholder_equity": 22112693000.0,
            "treasury_stock": 10547055000.0,
            "retained_earnings": 27068801000.0,
            "common_stock": 5680061000.0,
            "common_stock_shares_outstanding": 429164615.0
        },
        {
            "fiscal_date_ending": "2024-09-30",
            "reported_currency": "USD",
            "total_assets": 52281844000.0,
            "total_current_assets": 12129099000.0,
            "cash_and_cash_equivalents": 7457025000.0,
            "cash_and_short_term_investments": 9223927000.0,
            "inventory": 437653000.0,
            "current_net_receivables": 1251783000.0,
            "total_non_current_assets": 10191821000.0,
            "property_plant_equipment": 1568212000.0,
            "accumulated_depreciation_amortization_ppe": 922326000.0,
            "intangible_assets": 32175382000.0,
            "intangible_assets_excluding_goodwill": 32175382000.0,
            "goodwill": null,
            "investments": 9381991000.0,
            "long_term_investments": null,
            "short_term_investments": 1766902000.0,
            "other_current_assets": 2905172000.0,
            "other_non_current_assets": 6409151000.0,
            "total_liabilities": 29561108000.0,
            "total_current_liabilities": 10707126000.0,
            "current_accounts_payable": 641953000.0,
            "deferred_revenue": 1513048000.0,
            "current_debt": 1820000000.0,
            "short_term_debt": 1820000000.0,
            "total_non_current_liabilities": 19030552000.0,
            "capital_lease_obligations": null,
            "long_term_debt": 15907000000.0,
            "current_long_term_debt": 1820396000.0,
            "long_term_debt_non_current": 14160932000.0,
            "short_long_term_debt_total": 17727000000.0,
            "other_current_liabilities": 6731729000.0,
            "other_non_current_liabilities": 2774961000.0,
            "total_shareholder_equity": 22720736000.0,
            "treasury_stock": 12254855000.0,
            "retained_earnings": 29432310000.0,
            "common_stock": 5887903000.0,
            "common_stock_shares_outstanding": 427458114.0
        },
        {
            "fiscal_date_ending": "2024-12-31",
            "reported_currency": "USD",
            "total_assets": 53630374000.0,
            "total_current_assets": 13100379000.0,
            "cash_and_cash_equivalents": 7804733000.0,
            "cash_and_short_term_investments": 9583739000.0,
            "inventory": null,
            "current_net_receivables": 2402412000.0,
            "total_non_current_assets": 10179843000.0,
            "property_plant_equipment": 1593756000.0,
            "accumulated_depreciation_amortization_ppe": 917537000.0,
            "intangible_assets": 32452462000.0,
            "intangible_assets_excluding_goodwill": 32452462000.0,
            "goodwill": null,
            "investments": 10589296000.0,
            "long_term_investments": null,
            "short_term_investments": 1779006000.0,
            "other_current_assets": 3516640000.0,
            "other_non_current_assets": 6483777000.0,
            "total_liabilities": 28886807000.0,
            "total_current_liabilities": 10755400000.0,
            "current_accounts_payable": 899909000.0,
            "deferred_revenue": 1520813000.0,
            "current_debt": 1784453000.0,
            "short_term_debt": 1784453000.0,
            "total_non_current_liabilities": 18334289000.0,
            "capital_lease_obligations": null,
            "long_term_debt": 15513000000.0,
            "current_long_term_debt": 1784453000.0,
            "long_term_debt_non_current": 13798351000.0,
            "short_long_term_debt_total": 17297453000.0,
            "other_current_liabilities": 6550225000.0,
            "other_non_current_liabilities": 2552250000.0,
            "total_shareholder_equity": 24743567000.0,
            "treasury_stock": 13171638000.0,
            "retained_earnings": 31300917000.0,
            "common_stock": 6252126000.0,
            "common_stock_shares_outstanding": 427757100.0
        }
    ],
    "total_quarters": 63,
    "date_range": {
        "start": "2009-06-30",
        "end": "2024-12-31"
    }
}