{
    "symbol": "TSLA",
    "quarterly_reports": [
        {
            "fiscal_date_ending": "2011-06-30",
            "reported_currency": "USD",
            "total_assets": 646155000.0,
            "total_current_assets": 417758000.0,
            "cash_and_cash_equivalents": 319380000.0,
            "cash_and_short_term_investments": 330631000.0,
            "inventory": 54312000.0,
            "current_net_receivables": 23308000.0,
            "total_non_current_assets": 217864000.0,
            "property_plant_equipment": 189647000.0,
            "accumulated_depreciation_amortization_ppe": null,
            "intangible_assets": 14508000.0,
            "intangible_assets_excluding_goodwill": 14508000.0,
            "goodwill": null,
            "investments": null,
            "long_term_investments": null,
            "short_term_investments": null,
            "other_current_assets": 20758000.0,
            "other_non_current_assets": 22784000.0,
            "total_liabilities": 297703000.0,
            "total_current_liabilities": 138736000.0,
            "current_accounts_payable": 57199000.0,
            "deferred_revenue": null,
            "current_debt": 287000.0,
            "short_term_debt": 287000.0,
            "total_non_current_liabilities": 158967000.0,
            "capital_lease_obligations": 359000.0,
            "long_term_debt": 134177000.0,
            "current_long_term_debt": 287000.0,
            "long_term_debt_non_current": 134177000.0,
            "short_long_term_debt_total": 134177000.0,
            "other_current_liabilities": 24993000.0,
            "other_non_current_liabilities": 13357000.0,
            "total_shareholder_equity": 348452000.0,
            "treasury_stock": null,
            "retained_earnings": -522826000.0,
            "common_stock": 104000.0,
            "common_stock_shares_outstanding": 103980989.0
        },
        {
            "fiscal_date_ending": "2011-09-30",
            "reported_currency": "USD",
            "total_assets": 700250000.0,
            "total_current_assets": 412121000.0,
            "cash_and_cash_equivalents": 213328000.0,
            "cash_and_short_term_investments": 333693000.0,
            "inventory": 49216000.0,
            "current_net_receivables": 18250000.0,
            "total_non_current_assets": 276457000.0,
            "property_plant_equipment": 248122000.0,
            "accumulated_depreciation_amortization_ppe": null,
            "intangible_assets": 14508000.0,
            "intangible_assets_excluding_goodwill": 14508000.0,
            "goodwill": null,
            "investments": null,
            "long_term_investments": null,
            "short_term_investments": 65060000.0,
            "other_current_assets": 66267000.0,
            "other_non_current_assets": 22581000.0,
            "total_liabilities": 406132000.0,
            "total_current_liabilities": 154181000.0,
            "current_accounts_payable": 53627000.0,
            "deferred_revenue": null,
            "current_debt": 388000.0,
            "short_term_debt": 388000.0,
            "total_non_current_liabilities": 251951000.0,
            "capital_lease_obligations": 661000.0,
            "long_term_debt": 225000000.0,
            "current_long_term_debt": 388000.0,
            "long_term_debt_non_current": 225000000.0,
            "short_long_term_debt_total": 225000000.0,
            "other_current_liabilities": 97900000.0,
            "other_non_current_liabilities": 14565000.0,
            "total_shareholder_equity": 294118000.0,
            "treasury_stock": null,
            "retained_earnings": -587903000.0,
            "common_stock": 104000.0,
            "common_stock_shares_outstanding": 104188831.0
        },
        {
            "fiscal_date_ending": "2011-12-31",
            "reported_currency": "USD",
            "total_assets": 713448000.0,
            "total_current_assets": 372838000.0,
            "cash_and_cash_equivalents": 255266000.0,
            "cash_and_short_term_investments": 280300000.0,
            "inventory": 50082000.0,
            "current_net_receivables": 9539000.0,
            "total_non_current_assets": 335260000.0,
            "property_plant_equipment": 298414000.0,
            "accumulated_depreciation_amortization_ppe": 32222000.0,
            "intangible_assets": 14508000.0,
            "intangible_assets_excluding_goodwill": 14508000.0,
            "goodwill": null,
            "investments": null,
            "long_term_investments": null,
            "short_term_investments": 25061000.0,
            "other_current_assets": 32890000.0,
            "other_non_current_assets": 22371000.0,
            "total_liabilities": 489403000.0,
            "total_current_liabilities": 191339000.0,
            "current_accounts_payable": 56141000.0,
            "deferred_revenue": 800000.0,
            "current_debt": 8983000.0,
            "short_term_debt": 8983000.0,
            "total_non_current_liabilities": 311474000.0,
            "capital_lease_obligations": 2830000.0,
            "long_term_debt": 276251000.0,
            "current_long_term_debt": 7916000.0,
            "long_term_debt_non_current": 268335000.0,
            "short_long_term_debt_total": 276251000.0,
            "other_current_liabilities": 123870000.0,
            "other_non_current_liabilities": 14915000.0,
            "total_shareholder_equity": 104000.0,
            "treasury_stock": null,
            "retained_earnings": -669392000.0,
            "common_stock": 104000.0,
            "common_stock_shares_outstanding": 104530305.0
        },
        {
            "fiscal_date_ending": "2012-03-31",
            "reported_currency": "USD",
            "total_assets": 761100000.0,
            "total_current_assets": 358897000.0,
            "cash_and_cash_equivalents": 218570000.0,
            "cash_and_short_term_investments": 243600000.0,
            "inventory": 55427000.0,
            "current_net_receivables": 13589000.0,
            "total_non_current_assets": 396403000.0,
            "property_plant_equipment": 364128000.0,
            "accumulated_depreciation_amortization_ppe": 35058000.0,
            "intangible_assets": 14508000.0,
            "intangible_assets_excluding_goodwill": 14508000.0,
            "goodwill": null,
            "investments": null,
            "long_term_investments": null,
            "short_term_investments": 25009000.0,
            "other_current_assets": 46302000.0,
            "other_non_current_assets": 22224000.0,
            "total_liabilities": 607226000.0,
            "total_current_liabilities": 235722000.0,
            "current_accounts_payable": 64333000.0,
            "deferred_revenue": null,
            "current_debt": 21864000.0,
            "short_term_debt": 21864000.0,
            "total_non_current_liabilities": 384879000.0,
            "capital_lease_obligations": 3721000.0,
            "long_term_debt": 301294000.0,
            "current_long_term_debt": 20194000.0,
            "long_term_debt_non_current": 340323000.0,
            "short_long_term_debt_total": 360517000.0,
            "other_current_liabilities": 125067000.0,
            "other_non_current_liabilities": 15705000.0,
            "total_shareholder_equity": 153874000.0,
            "treasury_stock": null,
            "retained_earnings": -759265000.0,
            "common_stock": 105000.0,
            "common_stock_shares_outstanding": 105164770.0
        },
        {
            "fiscal_date_ending": "2012-06-30",
            "reported_currency": "USD",
            "total_assets": 776869000.0,
            "total_current_assets": 317126000.0,
            "cash_and_cash_equivalents": 210554000.0,
            "cash_and_short_term_investments": 232514000.0,
            "inventory": 66669000.0,
            "current_net_receivables": 11023000.0,
            "total_non_current_assets": 454045000.0,
            "property_plant_equipment": 421859000.0,
            "accumulated_depreciation_amortization_ppe": 38381000.0,
            "intangible_assets": 14508000.0,
            "intangible_assets_excluding_goodwill": 14508000.0,
            "goodwill": null,
            "investments": null,
            "long_term_investments": null,
            "short_term_investments": 21960000.0,
            "other_current_assets": 6920000.0,
            "other_non_current_assets": 22128000.0,
            "total_liabilities": 714654000.0,
            "total_current_liabilities": 286526000.0,
            "current_accounts_payable": 78601000.0,
            "deferred_revenue": null,
            "current_debt": 38098000.0,
            "short_term_debt": 38098000.0,
            "total_non_current_liabilities": 441740000.0,
            "capital_lease_obligations": 4720000.0,
            "long_term_debt": 373537000.0,
            "current_long_term_debt": 35637000.0,
            "long_term_debt_non_current": 396155000.0,
            "short_long_term_debt_total": 431792000.0,
            "other_current_liabilities": 128962000.0,
            "other_non_current_liabilities": 16114000.0,
            "total_shareholder_equity": 62215000.0,
            "treasury_stock": null,
            "retained_earnings": -864871000.0,
            "common_stock": 105000.0,
            "common_stock_shares_outstanding": 105323351.0
        },
        {
            "fiscal_date_ending": "2012-09-30",
            "reported_currency": "USD",
            "total_assets": 809177000.0,
            "total_current_assets": 284541000.0,
            "cash_and_cash_equivalents": 85693000.0,
            "cash_and_short_term_investments": 108554000.0,
            "inventory": 159048000.0,
            "current_net_receivables": 9164000.0,
            "total_non_current_assets": 518769000.0,
            "property_plant_equipment": 486248000.0,
            "accumulated_depreciation_amortization_ppe": 45350000.0,
            "intangible_assets": 14392000.0,
            "intangible_assets_excluding_goodwill": 14392000.0,
            "goodwill": null,
            "investments": null,
            "long_term_investments": null,
            "short_term_investments": 22861000.0,
            "other_current_assets": 7775000.0,
            "other_non_current_assets": 21911000.0,
            "total_liabilities": 837052000.0,
            "total_current_liabilities": 385806000.0,
            "current_accounts_payable": 162025000.0,
            "deferred_revenue": null,
            "current_debt": 54029000.0,
            "short_term_debt": 54029000.0,
            "total_non_current_liabilities": 466735000.0,
            "capital_lease_obligations": 6278000.0,
            "long_term_debt": 410241000.0,
            "current_long_term_debt": 50841000.0,
            "long_term_debt_non_current": 414207000.0,
            "short_long_term_debt_total": 465048000.0,
            "other_current_liabilities": 112819000.0,
            "other_non_current_liabilities": 18550000.0,
            "total_shareholder_equity": -27875000.0,
            "treasury_stock": null,
            "retained_earnings": -975674000.0,
            "common_stock": 106000.0,
            "common_stock_shares_outstanding": 105772431.0
        },
        {
            "fiscal_date_ending": "2012-12-31",
            "reported_currency": "USD",
            "total_assets": 1114190000.0,
            "total_current_assets": 524768000.0,
            "cash_and_cash_equivalents": 201890000.0,
            "cash_and_short_term_investments": 220984000.0,
            "inventory": 268504000.0,
            "current_net_receivables": 26842000.0,
            "total_non_current_assets": 585110000.0,
            "property_plant_equipment": 552229000.0,
            "accumulated_depreciation_amortization_ppe": 57543000.0,
            "intangible_assets": 14267000.0,
            "intangible_assets_excluding_goodwill": 14267000.0,
            "goodwill": null,
            "investments": null,
            "long_term_investments": null,
            "short_term_investments": 19094000.0,
            "other_current_assets": 8438000.0,
            "other_non_current_assets": 21963000.0,
            "total_liabilities": 989490000.0,
            "total_current_liabilities": 539108000.0,
            "current_accounts_payable": 303382000.0,
            "deferred_revenue": 700000.0,
            "current_debt": 55206000.0,
            "short_term_debt": 55206000.0,
            "total_non_current_liabilities": 471714000.0,
            "capital_lease_obligations": 9965000.0,
            "long_term_debt": 452336000.0,
            "current_long_term_debt": 50841000.0,
            "long_term_debt_non_current": 401495000.0,
            "short_long_term_debt_total": 452336000.0,
            "other_current_liabilities": -195928000.0,
            "other_non_current_liabilities": 25170000.0,
            "total_shareholder_equity": 115000.0,
            "treasury_stock": null,
            "retained_earnings": -1065606000.0,
            "common_stock": 115000.0,
            "common_stock_shares_outstanding": 114214274.0
        },
        {
            "fiscal_date_ending": "2013-03-31",
            "reported_currency": "USD",
            "total_assets": 1143778000.0,
            "total_current_assets": 525993000.0,
            "cash_and_cash_equivalents": 214417000.0,
            "cash_and_short_term_investments": 231136000.0,
            "inventory": 237618000.0,
            "current_net_receivables": 46139000.0,
            "total_non_current_assets": 614283000.0,
            "property_plant_equipment": 581997000.0,
            "accumulated_depreciation_amortization_ppe": 74933000.0,
            "intangible_assets": 14150000.0,
            "intangible_assets_excluding_goodwill": 14150000.0,
            "goodwill": null,
            "investments": null,
            "long_term_investments": null,
            "short_term_investments": 16719000.0,
            "other_current_assets": 11100000.0,
            "other_non_current_assets": 21684000.0,
            "total_liabilities": 975195000.0,
            "total_current_liabilities": 535623000.0,
            "current_accounts_payable": 304204000.0,
            "deferred_revenue": null,
            "current_debt": 56293000.0,
            "short_term_debt": 56293000.0,
            "total_non_current_liabilities": 471119000.0,
            "capital_lease_obligations": 10460000.0,
            "long_term_debt": 420741000.0,
            "current_long_term_debt": 50841000.0,
            "long_term_debt_non_current": 388785000.0,
            "short_long_term_debt_total": 439626000.0,
            "other_current_liabilities": -56293000.0,
            "other_non_current_liabilities": 35004000.0,
            "total_shareholder_equity": 168583000.0,
            "treasury_stock": null,
            "retained_earnings": -1054357000.0,
            "common_stock": 115000.0,
            "common_stock_shares_outstanding": 115161040.0
        },
        {
            "fiscal_date_ending": "2013-06-30",
            "reported_currency": "USD",
            "total_assets": 1887844000.0,
            "total_current_assets": 1129542000.0,
            "cash_and_cash_equivalents": 746057000.0,
            "cash_and_short_term_investments": 747419000.0,
            "inventory": 254891000.0,
            "current_net_receivables": 113544000.0,
            "total_non_current_assets": 626834000.0,
            "property_plant_equipment": 595579000.0,
            "accumulated_depreciation_amortization_ppe": 94965000.0,
            "intangible_assets": 14029000.0,
            "intangible_assets_excluding_goodwill": 14029000.0,
            "goodwill": null,
            "investments": null,
            "long_term_investments": null,
            "short_term_investments": 1362000.0,
            "other_current_assets": 13688000.0,
            "other_non_current_assets": 24196000.0,
            "total_liabilities": 1258418000.0,
            "total_current_liabilities": 486545000.0,
            "current_accounts_payable": 262227000.0,
            "deferred_revenue": null,
            "current_debt": 5695000.0,
            "short_term_debt": 5695000.0,
            "total_non_current_liabilities": 784158000.0,
            "capital_lease_obligations": 9249000.0,
            "long_term_debt": 584395000.0,
            "current_long_term_debt": 5695000.0,
            "long_term_debt_non_current": 578740000.0,
            "short_long_term_debt_total": 593684000.0,
            "other_current_liabilities": -5695000.0,
            "other_non_current_liabilities": 115591000.0,
            "total_shareholder_equity": 629426000.0,
            "treasury_stock": null,
            "retained_earnings": -1084858000.0,
            "common_stock": 121000.0,
            "common_stock_shares_outstanding": 121429665.0
        },
        {
            "fiscal_date_ending": "2013-09-30",
            "reported_currency": "USD",
            "total_assets": 2166209000.0,
            "total_current_assets": 1218766000.0,
            "cash_and_cash_equivalents": 795116000.0,
            "cash_and_short_term_investments": 796381000.0,
            "inventory": 347545000.0,
            "current_net_receivables": 47580000.0,
            "total_non_current_assets": 678619000.0,
            "property_plant_equipment": 654482000.0,
            "accumulated_depreciation_amortization_ppe": 116382000.0,
            "intangible_assets": 13837000.0,
            "intangible_assets_excluding_goodwill": 13837000.0,
            "goodwill": null,
            "investments": null,
            "long_term_investments": null,
            "short_term_investments": 1265000.0,
            "other_current_assets": 27260000.0,
            "other_non_current_assets": 16027000.0,
            "total_liabilities": 1524546000.0,
            "total_current_liabilities": 1169459000.0,
            "current_accounts_payable": 302439000.0,
            "deferred_revenue": null,
            "current_debt": 588473000.0,
            "short_term_debt": 588473000.0,
            "total_non_current_liabilities": 792407000.0,
            "capital_lease_obligations": 10931000.0,
            "long_term_debt": 1702502000.0,
            "current_long_term_debt": 582502000.0,
            "long_term_debt_non_current": 582500000.0,
            "short_long_term_debt_total": 1181904000.0,
            "other_current_liabilities": -588473000.0,
            "other_non_current_liabilities": 53848000.0,
            "total_shareholder_equity": 564165000.0,
            "treasury_stock": null,
            "retained_earnings": -1123355000.0,
            "common_stock": 123000.0,
            "common_stock_shares_outstanding": 122566098.0
        },
        {
            "fiscal_date_ending": "2013-12-31",
            "reported_currency": "USD",
            "total_assets": 2416930000.0,
            "total_current_assets": 1265939000.0,
            "cash_and_cash_equivalents": 845889000.0,
            "cash_and_short_term_investments": 848901000.0,
            "inventory": 340355000.0,
            "current_net_receivables": 49109000.0,
            "total_non_current_assets": 768566000.0,
            "property_plant_equipment": 738494000.0,
            "accumulated_depreciation_amortization_ppe": 140142000.0,
            "intangible_assets": 13930000.0,
            "intangible_assets_excluding_goodwill": 13930000.0,
            "goodwill": null,
            "investments": null,
            "long_term_investments": null,
            "short_term_investments": 3012000.0,
            "other_current_assets": 27574000.0,
            "other_non_current_assets": 23637000.0,
            "total_liabilities": 1749810000.0,
            "total_current_liabilities": 675160000.0,
            "current_accounts_payable": 303969000.0,
            "deferred_revenue": 230856000.0,
            "current_debt": 7904000.0,
            "short_term_debt": 7904000.0,
            "total_non_current_liabilities": 272303000.0,
            "capital_lease_obligations": 12855000.0,
            "long_term_debt": 586301000.0,
            "current_long_term_debt": 182000.0,
            "long_term_debt_non_current": 586119000.0,
            "short_long_term_debt_total": 586301000.0,
            "other_current_liabilities": -7904000.0,
            "other_non_current_liabilities": 58197000.0,
            "total_shareholder_equity": 667120000.0,
            "treasury_stock": null,
            "retained_earnings": -1139620000.0,
            "common_stock": 123000.0,
            "common_stock_shares_outstanding": 123090990.0
        },
        {
            "fiscal_date_ending": "2014-03-31",
            "reported_currency": "USD",
            "total_assets": 4500410000.0,
            "total_current_assets": 3156047000.0,
            "cash_and_cash_equivalents": 2393908000.0,
            "cash_and_short_term_investments": 2584068000.0,
            "inventory": 450730000.0,
            "current_net_receivables": 72380000.0,
            "total_non_current_assets": 892634000.0,
            "property_plant_equipment": 849389000.0,
            "accumulated_depreciation_amortization_ppe": 169335000.0,
            "intangible_assets": 13662000.0,
            "intangible_assets_excluding_goodwill": 13662000.0,
            "goodwill": null,
            "investments": null,
            "long_term_investments": null,
            "short_term_investments": 190160000.0,
            "other_current_assets": 49918000.0,
            "other_non_current_assets": 36143000.0,
            "total_liabilities": 3518412000.0,
            "total_current_liabilities": 1413470000.0,
            "current_accounts_payable": 375778000.0,
            "deferred_revenue": 270706000.0,
            "current_debt": 598272000.0,
            "short_term_debt": 598272000.0,
            "total_non_current_liabilities": 1836712000.0,
            "capital_lease_obligations": 12572000.0,
            "long_term_debt": 1779875000.0,
            "current_long_term_debt": 589875000.0,
            "long_term_debt_non_current": 1519967000.0,
            "short_long_term_debt_total": 2200754000.0,
            "other_current_liabilities": -598272000.0,
            "other_non_current_liabilities": 70969000.0,
            "total_shareholder_equity": 912056000.0,
            "treasury_stock": null,
            "retained_earnings": -1189420000.0,
            "common_stock": 124000.0,
            "common_stock_shares_outstanding": 124040756.0
        },
        {
            "fiscal_date_ending": "2014-06-30",
            "reported_currency": "USD",
            "total_assets": 5054463000.0,
            "total_current_assets": 3441694000.0,
            "cash_and_cash_equivalents": 2674910000.0,
            "cash_and_short_term_investments": 2686624000.0,
            "inventory": 596927000.0,
            "current_net_receivables": 96607000.0,
            "total_non_current_assets": 1081543000.0,
            "property_plant_equipment": 1035822000.0,
            "accumulated_depreciation_amortization_ppe": 204690000.0,
            "intangible_assets": 13541000.0,
            "intangible_assets_excluding_goodwill": 13541000.0,
            "goodwill": null,
            "investments": null,
            "long_term_investments": null,
            "short_term_investments": 11714000.0,
            "other_current_assets": 61536000.0,
            "other_non_current_assets": 38474000.0,
            "total_liabilities": 4036047000.0,
            "total_current_liabilities": 1575850000.0,
            "current_accounts_payable": 443548000.0,
            "deferred_revenue": null,
            "current_debt": 603412000.0,
            "short_term_debt": 603412000.0,
            "total_non_current_liabilities": 964820000.0,
            "capital_lease_obligations": 14099000.0,
            "long_term_debt": 1923712000.0,
            "current_long_term_debt": 593712000.0,
            "long_term_debt_non_current": 593700000.0,
            "short_long_term_debt_total": 2450618000.0,
            "other_current_liabilities": -603412000.0,
            "other_non_current_liabilities": 98902000.0,
            "total_shareholder_equity": 952333000.0,
            "treasury_stock": null,
            "retained_earnings": -1251327000.0,
            "common_stock": 125000.0,
            "common_stock_shares_outstanding": 124588213.0
        },
        {
            "fiscal_date_ending": "2014-09-30",
            "reported_currency": "USD",
            "total_assets": 5437533000.0,
            "total_current_assets": 3362914000.0,
            "cash_and_cash_equivalents": 2370735000.0,
            "cash_and_short_term_investments": 2370735000.0,
            "inventory": 752492000.0,
            "current_net_receivables": 156889000.0,
            "total_non_current_assets": 1470296000.0,
            "property_plant_equipment": 1404326000.0,
            "accumulated_depreciation_amortization_ppe": 243447000.0,
            "intangible_assets": 13420000.0,
            "intangible_assets_excluding_goodwill": 13420000.0,
            "goodwill": null,
            "investments": null,
            "long_term_investments": null,
            "short_term_investments": 17331000.0,
            "other_current_assets": 65467000.0,
            "other_non_current_assets": 43460000.0,
            "total_liabilities": 4417278000.0,
            "total_current_liabilities": 1839777000.0,
            "current_accounts_payable": 649362000.0,
            "deferred_revenue": 415891000.0,
            "current_debt": 607218000.0,
            "short_term_debt": 607218000.0,
            "total_non_current_liabilities": 1090174000.0,
            "capital_lease_obligations": 12806000.0,
            "long_term_debt": 2384261000.0,
            "current_long_term_debt": 597626000.0,
            "long_term_debt_non_current": 597600000.0,
            "short_long_term_debt_total": 2384261000.0,
            "other_current_liabilities": -607218000.0,
            "other_non_current_liabilities": 125997000.0,
            "total_shareholder_equity": 958094000.0,
            "treasury_stock": null,
            "retained_earnings": -1326041000.0,
            "common_stock": 125000.0,
            "common_stock_shares_outstanding": 125366171.0
        },
        {
            "fiscal_date_ending": "2014-12-31",
            "reported_currency": "USD",
            "total_assets": 5830667000.0,
            "total_current_assets": 3180073000.0,
            "cash_and_cash_equivalents": 1905713000.0,
            "cash_and_short_term_investments": 1905713000.0,
            "inventory": 953675000.0,
            "current_net_receivables": 226604000.0,
            "total_non_current_assets": 1883850000.0,
            "property_plant_equipment": 1829267000.0,
            "accumulated_depreciation_amortization_ppe": 292590000.0,
            "intangible_assets": null,
            "intangible_assets_excluding_goodwill": null,
            "goodwill": null,
            "investments": 16673000.0,
            "long_term_investments": null,
            "short_term_investments": 17947000.0,
            "other_current_assets": 76134000.0,
            "other_non_current_assets": 43209000.0,
            "total_liabilities": 4860761000.0,
            "total_current_liabilities": 2107166000.0,
            "current_accounts_payable": 777946000.0,
            "deferred_revenue": 381096000.0,
            "current_debt": 1212698000.0,
            "short_term_debt": 601599000.0,
            "total_non_current_liabilities": 2266433000.0,
            "capital_lease_obligations": 12267000.0,
            "long_term_debt": 2959795000.0,
            "current_long_term_debt": 611099000.0,
            "long_term_debt_non_current": 1220000000.0,
            "short_long_term_debt_total": 3561394000.0,
            "other_current_liabilities": -632128000.0,
            "other_non_current_liabilities": 154660000.0,
            "total_shareholder_equity": 911710000.0,
            "treasury_stock": null,
            "retained_earnings": -1433682000.0,
            "common_stock": 126000.0,
            "common_stock_shares_outstanding": 125687607.0
        },
        {
            "fiscal_date_ending": "2015-03-31",
            "reported_currency": "USD",
            "total_assets": 6120030000.0,
            "total_current_assets": 2921417000.0,
            "cash_and_cash_equivalents": 1510076000.0,
            "cash_and_short_term_investments": 1510076000.0,
            "inventory": 1054840000.0,
            "current_net_receivables": 200052000.0,
            "total_non_current_assets": 2286552000.0,
            "property_plant_equipment": 2224191000.0,
            "accumulated_depreciation_amortization_ppe": 342386000.0,
            "intangible_assets": null,
            "intangible_assets_excluding_goodwill": null,
            "goodwill": null,
            "investments": 16682000.0,
            "long_term_investments": null,
            "short_term_investments": 20693000.0,
            "other_current_assets": 135756000.0,
            "other_non_current_assets": 48515000.0,
            "total_liabilities": 5239756000.0,
            "total_current_liabilities": 2192381000.0,
            "current_accounts_payable": 732331000.0,
            "deferred_revenue": 424104000.0,
            "current_debt": 692822000.0,
            "short_term_debt": 77700000.0,
            "total_non_current_liabilities": 385415000.0,
            "capital_lease_obligations": 11265000.0,
            "long_term_debt": 1233708000.0,
            "current_long_term_debt": 605500000.0,
            "long_term_debt_non_current": 1170000000.0,
            "short_long_term_debt_total": 1311408000.0,
            "other_current_liabilities": -630332000.0,
            "other_non_current_liabilities": 61300000.0,
            "total_shareholder_equity": 825997000.0,
            "treasury_stock": null,
            "retained_earnings": -1587841000.0,
            "common_stock": 126000.0,
            "common_stock_shares_outstanding": 126362303.0
        },
        {
            "fiscal_date_ending": "2015-06-30",
            "reported_currency": "USD",
            "total_assets": 6468185000.0,
            "total_current_assets": 2628621000.0,
            "cash_and_cash_equivalents": 1150673000.0,
            "cash_and_short_term_investments": 1150673000.0,
            "inventory": 1212279000.0,
            "current_net_receivables": 138648000.0,
            "total_non_current_assets": 2719318000.0,
            "property_plant_equipment": 2646017000.0,
            "accumulated_depreciation_amortization_ppe": 403869000.0,
            "intangible_assets": null,
            "intangible_assets_excluding_goodwill": null,
            "goodwill": null,
            "investments": null,
            "long_term_investments": null,
            "short_term_investments": 20591000.0,
            "other_current_assets": 106430000.0,
            "other_non_current_assets": 53527000.0,
            "total_liabilities": 5701978000.0,
            "total_current_liabilities": 2384388000.0,
            "current_accounts_payable": 771637000.0,
            "deferred_revenue": 482573000.0,
            "current_debt": 729913000.0,
            "short_term_debt": 114300000.0,
            "total_non_current_liabilities": 604024000.0,
            "capital_lease_obligations": 11254000.0,
            "long_term_debt": 1369262000.0,
            "current_long_term_debt": 609500000.0,
            "long_term_debt_non_current": 1440000000.0,
            "short_long_term_debt_total": 1483562000.0,
            "other_current_liabilities": -638275000.0,
            "other_non_current_liabilities": 258142000.0,
            "total_shareholder_equity": 715934000.0,
            "treasury_stock": null,
            "retained_earnings": -1772068000.0,
            "common_stock": 127000.0,
            "common_stock_shares_outstanding": 127100947.0
        },
        {
            "fiscal_date_ending": "2015-09-30",
            "reported_currency": "USD",
            "total_assets": 7547497000.0,
            "total_current_assets": 2998795000.0,
            "cash_and_cash_equivalents": 1426036000.0,
            "cash_and_short_term_investments": 1426036000.0,
            "inventory": 1293717000.0,
            "current_net_receivables": 119964000.0,
            "total_non_current_assets": 3187977000.0,
            "property_plant_equipment": 3103811000.0,
            "accumulated_depreciation_amortization_ppe": 472769000.0,
            "intangible_assets": null,
            "intangible_assets_excluding_goodwill": null,
            "goodwill": null,
            "investments": null,
            "long_term_investments": null,
            "short_term_investments": 25223000.0,
            "other_current_assets": 133855000.0,
            "other_non_current_assets": 57811000.0,
            "total_liabilities": 6186660000.0,
            "total_current_liabilities": 2553771000.0,
            "current_accounts_payable": 824861000.0,
            "deferred_revenue": 73900000.0,
            "current_debt": 751000000.0,
            "short_term_debt": 124400000.0,
            "total_non_current_liabilities": 713799000.0,
            "capital_lease_obligations": 15033000.0,
            "long_term_debt": 1181000000.0,
            "current_long_term_debt": 613600000.0,
            "long_term_debt_non_current": 1350000000.0,
            "short_long_term_debt_total": 1305400000.0,
            "other_current_liabilities": -651809000.0,
            "other_non_current_liabilities": 336505000.0,
            "total_shareholder_equity": 1314656000.0,
            "treasury_stock": null,
            "retained_earnings": -2001926000.0,
            "common_stock": 131000.0,
            "common_stock_shares_outstanding": 130901000.0
        },
        {
            "fiscal_date_ending": "2015-12-31",
            "reported_currency": "USD",
            "total_assets": 8067939000.0,
            "total_current_assets": 2782006000.0,
            "cash_and_cash_equivalents": 1196908000.0,
            "cash_and_short_term_investments": 1196908000.0,
            "inventory": 1277838000.0,
            "current_net_receivables": 168965000.0,
            "total_non_current_assets": 3416156000.0,
            "property_plant_equipment": 3403334000.0,
            "accumulated_depreciation_amortization_ppe": 571126000.0,
            "intangible_assets": 12816000.0,
            "intangible_assets_excluding_goodwill": 12816000.0,
            "goodwill": null,
            "investments": 7300000.0,
            "long_term_investments": null,
            "short_term_investments": 16700000.0,
            "other_current_assets": 115667000.0,
            "other_non_current_assets": 46858000.0,
            "total_liabilities": 6936950000.0,
            "total_current_liabilities": 2811035000.0,
            "current_accounts_payable": 916148000.0,
            "deferred_revenue": 679132000.0,
            "current_debt": 633166000.0,
            "short_term_debt": 5239000.0,
            "total_non_current_liabilities": 2851456000.0,
            "capital_lease_obligations": null,
            "long_term_debt": 441000000.0,
            "current_long_term_debt": 627927000.0,
            "long_term_debt_non_current": 1290000000.0,
            "short_long_term_debt_total": 446239000.0,
            "other_current_liabilities": -633166000.0,
            "other_non_current_liabilities": 364976000.0,
            "total_shareholder_equity": 1083704000.0,
            "treasury_stock": null,
            "retained_earnings": -2322323000.0,
            "common_stock": 131000.0,
            "common_stock_shares_outstanding": 131425000.0
        },
        {
            "fiscal_date_ending": "2016-03-31",
            "reported_currency": "USD",
            "total_assets": 9191702000.0,
            "total_current_assets": 3239543000.0,
            "cash_and_cash_equivalents": 1441789000.0,
            "cash_and_short_term_investments": 1441789000.0,
            "inventory": 1301961000.0,
            "current_net_receivables": 318056000.0,
            "total_non_current_assets": 3707949000.0,
            "property_plant_equipment": 3593014000.0,
            "accumulated_depreciation_amortization_ppe": 673089000.0,
            "intangible_assets": null,
            "intangible_assets_excluding_goodwill": null,
            "goodwill": null,
            "investments": 26800000.0,
            "long_term_investments": null,
            "short_term_investments": 23980000.0,
            "other_current_assets": 153757000.0,
            "other_non_current_assets": 67152000.0,
            "total_liabilities": 8178711000.0,
            "total_current_liabilities": 3187699000.0,
            "current_accounts_payable": 1013486000.0,
            "deferred_revenue": 800968000.0,
            "current_debt": 635285000.0,
            "short_term_debt": 635285000.0,
            "total_non_current_liabilities": 3407937000.0,
            "capital_lease_obligations": null,
            "long_term_debt": 1855285000.0,
            "current_long_term_debt": 635285000.0,
            "long_term_debt_non_current": 1220000000.0,
            "short_long_term_debt_total": 1937150000.0,
            "other_current_liabilities": -635285000.0,
            "other_non_current_liabilities": 426611000.0,
            "total_shareholder_equity": 970365000.0,
            "treasury_stock": null,
            "retained_earnings": -2604590000.0,
            "common_stock": 134000.0,
            "common_stock_shares_outstanding": 133858000.0
        },
        {
            "fiscal_date_ending": "2016-06-30",
            "reported_currency": "USD",
            "total_assets": 11868952000.0,
            "total_current_assets": 5203705000.0,
            "cash_and_cash_equivalents": 3246301000.0,
            "cash_and_short_term_investments": 3246301000.0,
            "inventory": 1609607000.0,
            "current_net_receivables": 178594000.0,
            "total_non_current_assets": 4145721000.0,
            "property_plant_equipment": 3993250000.0,
            "accumulated_depreciation_amortization_ppe": 783986000.0,
            "intangible_assets": null,
            "intangible_assets_excluding_goodwill": null,
            "goodwill": null,
            "investments": 38300000.0,
            "long_term_investments": null,
            "short_term_investments": 24525000.0,
            "other_current_assets": 144678000.0,
            "other_non_current_assets": 66650000.0,
            "total_liabilities": 9311512000.0,
            "total_current_liabilities": 3766404000.0,
            "current_accounts_payable": 1114878000.0,
            "deferred_revenue": 851684000.0,
            "current_debt": 626826000.0,
            "short_term_debt": 626826000.0,
            "total_non_current_liabilities": 3765599000.0,
            "capital_lease_obligations": null,
            "long_term_debt": 1756826000.0,
            "current_long_term_debt": 626826000.0,
            "long_term_debt_non_current": 1130000000.0,
            "short_long_term_debt_total": 1858685000.0,
            "other_current_liabilities": -626826000.0,
            "other_non_current_liabilities": 612344000.0,
            "total_shareholder_equity": 2520294000.0,
            "treasury_stock": null,
            "retained_earnings": -2897778000.0,
            "common_stock": 148000.0,
            "common_stock_shares_outstanding": 148015000.0
        },
        {
            "fiscal_date_ending": "2016-09-30",
            "reported_currency": "USD",
            "total_assets": 12592397000.0,
            "total_current_assets": 5172412000.0,
            "cash_and_cash_equivalents": 3084257000.0,
            "cash_and_short_term_investments": 3084257000.0,
            "inventory": 1604571000.0,
            "current_net_receivables": 326895000.0,
            "total_non_current_assets": 4470688000.0,
            "property_plant_equipment": 4309048000.0,
            "accumulated_depreciation_amortization_ppe": 912106000.0,
            "intangible_assets": null,
            "intangible_assets_excluding_goodwill": null,
            "goodwill": null,
            "investments": null,
            "long_term_investments": null,
            "short_term_investments": 23711000.0,
            "other_current_assets": 132978000.0,
            "other_non_current_assets": 70646000.0,
            "total_liabilities": 9900639000.0,
            "total_current_liabilities": 4082390000.0,
            "current_accounts_payable": 1606284000.0,
            "deferred_revenue": 1207101000.0,
            "current_debt": 260771000.0,
            "short_term_debt": 260771000.0,
            "total_non_current_liabilities": 3762181000.0,
            "capital_lease_obligations": null,
            "long_term_debt": 200000000.0,
            "current_long_term_debt": 260771000.0,
            "long_term_debt_non_current": null,
            "short_long_term_debt_total": 200000000.0,
            "other_current_liabilities": -260771000.0,
            "other_non_current_liabilities": 737559000.0,
            "total_shareholder_equity": 2680488000.0,
            "treasury_stock": null,
            "retained_earnings": -2875900000.0,
            "common_stock": 150000.0,
            "common_stock_shares_outstanding": 149825000.0
        },
        {
            "fiscal_date_ending": "2016-12-31",
            "reported_currency": "USD",
            "total_assets": 22664076000.0,
            "total_current_assets": 6259796000.0,
            "cash_and_cash_equivalents": 3393000000.0,
            "cash_and_short_term_investments": 3393216000.0,
            "inventory": 2067454000.0,
            "current_net_receivables": 499142000.0,
            "total_non_current_assets": 7350320000.0,
            "property_plant_equipment": 5982957000.0,
            "accumulated_depreciation_amortization_ppe": 997485000.0,
            "intangible_assets": 376145000.0,
            "intangible_assets_excluding_goodwill": 376145000.0,
            "goodwill": null,
            "investments": null,
            "long_term_investments": 506302000.0,
            "short_term_investments": 105519000.0,
            "other_current_assets": 194465000.0,
            "other_non_current_assets": 216751000.0,
            "total_liabilities": 16750167000.0,
            "total_current_liabilities": 5827005000.0,
            "current_accounts_payable": 1860341000.0,
            "deferred_revenue": 1614916000.0,
            "current_debt": 1114652000.0,
            "short_term_debt": 130441000.0,
            "total_non_current_liabilities": 8640254000.0,
            "capital_lease_obligations": null,
            "long_term_debt": 5892016000.0,
            "current_long_term_debt": 984211000.0,
            "long_term_debt_non_current": null,
            "short_long_term_debt_total": 6022457000.0,
            "other_current_liabilities": 84492000.0,
            "other_non_current_liabilities": 1891449000.0,
            "total_shareholder_equity": 4752911000.0,
            "treasury_stock": null,
            "retained_earnings": -2997237000.0,
            "common_stock": 161000.0,
            "common_stock_shares_outstanding": 161561000.0
        },
        {
            "fiscal_date_ending": "2017-03-31",
            "reported_currency": "USD",
            "total_assets": 25053726000.0,
            "total_current_assets": 7027889000.0,
            "cash_and_cash_equivalents": 4006593000.0,
            "cash_and_short_term_investments": 4006593000.0,
            "inventory": 2220336000.0,
            "current_net_receivables": 440349000.0,
            "total_non_current_assets": 8487252000.0,
            "property_plant_equipment": 7016551000.0,
            "accumulated_depreciation_amortization_ppe": 1164943000.0,
            "intangible_assets": 429592000.0,
            "intangible_assets_excluding_goodwill": 388608000.0,
            "goodwill": 40984000.0,
            "investments": null,
            "long_term_investments": 486350000.0,
            "short_term_investments": 88946000.0,
            "other_current_assets": 271665000.0,
            "other_non_current_assets": 224536000.0,
            "total_liabilities": 18885353000.0,
            "total_current_liabilities": 6245439000.0,
            "current_accounts_payable": 2075333000.0,
            "deferred_revenue": 1796572000.0,
            "current_debt": 963737000.0,
            "short_term_debt": 134657000.0,
            "total_non_current_liabilities": 10219570000.0,
            "capital_lease_obligations": null,
            "long_term_debt": 6927937000.0,
            "current_long_term_debt": 829080000.0,
            "long_term_debt_non_current": null,
            "short_long_term_debt_total": 7062594000.0,
            "other_current_liabilities": 1708903000.0,
            "other_non_current_liabilities": 2081822000.0,
            "total_shareholder_equity": 4987719000.0,
            "treasury_stock": null,
            "retained_earnings": -3343187000.0,
            "common_stock": 161000.0,
            "common_stock_shares_outstanding": 164164000.0
        },
        {
            "fiscal_date_ending": "2017-06-30",
            "reported_currency": "USD",
            "total_assets": 26043705000.0,
            "total_current_assets": 6359444000.0,
            "cash_and_cash_equivalents": 3035924000.0,
            "cash_and_short_term_investments": 3035924000.0,
            "inventory": 2438111000.0,
            "current_net_receivables": 453539000.0,
            "total_non_current_assets": 9864936000.0,
            "property_plant_equipment": 8399229000.0,
            "accumulated_depreciation_amortization_ppe": 1337411000.0,
            "intangible_assets": 424613000.0,
            "intangible_assets_excluding_goodwill": 380847000.0,
            "goodwill": 43766000.0,
            "investments": null,
            "long_term_investments": 472663000.0,
            "short_term_investments": 118369000.0,
            "other_current_assets": 313501000.0,
            "other_non_current_assets": 209986000.0,
            "total_liabilities": 19459902000.0,
            "total_current_liabilities": 6546355000.0,
            "current_accounts_payable": 2359316000.0,
            "deferred_revenue": 1948977000.0,
            "current_debt": 760284000.0,
            "short_term_debt": 43751000.0,
            "total_non_current_liabilities": 10455599000.0,
            "capital_lease_obligations": null,
            "long_term_debt": 6755563000.0,
            "current_long_term_debt": 716533000.0,
            "long_term_debt_non_current": null,
            "short_long_term_debt_total": 6799314000.0,
            "other_current_liabilities": 1853568000.0,
            "other_non_current_liabilities": 2259538000.0,
            "total_shareholder_equity": 5105752000.0,
            "treasury_stock": null,
            "retained_earnings": -3679584000.0,
            "common_stock": 163000.0,
            "common_stock_shares_outstanding": 166863000.0
        },
        {
            "fiscal_date_ending": "2017-09-30",
            "reported_currency": "USD",
            "total_assets": 28107074000.0,
            "total_current_assets": 7068733000.0,
            "cash_and_cash_equivalents": 3530030000.0,
            "cash_and_short_term_investments": 3530030000.0,
            "inventory": 2471382000.0,
            "current_net_receivables": 607734000.0,
            "total_non_current_assets": 10916142000.0,
            "property_plant_equipment": 9394397000.0,
            "accumulated_depreciation_amortization_ppe": 1535561000.0,
            "intangible_assets": 417474000.0,
            "intangible_assets_excluding_goodwill": 372238000.0,
            "goodwill": 45236000.0,
            "investments": null,
            "long_term_investments": 463878000.0,
            "short_term_investments": 138181000.0,
            "other_current_assets": 321406000.0,
            "other_non_current_assets": 231849000.0,
            "total_liabilities": 21929057000.0,
            "total_current_liabilities": 6468940000.0,
            "current_accounts_payable": 2385778000.0,
            "deferred_revenue": 2034604000.0,
            "current_debt": 375506000.0,
            "short_term_debt": 51282000.0,
            "total_non_current_liabilities": 13090449000.0,
            "capital_lease_obligations": null,
            "long_term_debt": 9049729000.0,
            "current_long_term_debt": 324224000.0,
            "long_term_debt_non_current": null,
            "short_long_term_debt_total": 9101011000.0,
            "other_current_liabilities": 2021120000.0,
            "other_non_current_liabilities": 2382830000.0,
            "total_shareholder_equity": 4711480000.0,
            "treasury_stock": null,
            "retained_earnings": -4298960000.0,
            "common_stock": 168000.0,
            "common_stock_shares_outstanding": 168017000.0
        },
        {
            "fiscal_date_ending": "2017-12-31",
            "reported_currency": "USD",
            "total_assets": 28655372000.0,
            "total_current_assets": 6570520000.0,
            "cash_and_cash_equivalents": 3368000000.0,
            "cash_and_short_term_investments": 3367914000.0,
            "inventory": 2263537000.0,
            "current_net_receivables": 515381000.0,
            "total_non_current_assets": 11620758000.0,
            "property_plant_equipment": 10027522000.0,
            "accumulated_depreciation_amortization_ppe": 1723794000.0,
            "intangible_assets": 421739000.0,
            "intangible_assets_excluding_goodwill": 361502000.0,
            "goodwill": 60237000.0,
            "investments": null,
            "long_term_investments": 456652000.0,
            "short_term_investments": 155323000.0,
            "other_current_assets": 268365000.0,
            "other_non_current_assets": 273123000.0,
            "total_liabilities": 23022980000.0,
            "total_current_liabilities": 7674670000.0,
            "current_accounts_payable": 2390250000.0,
            "deferred_revenue": 2193052000.0,
            "current_debt": 799849000.0,
            "short_term_debt": 3300000.0,
            "total_non_current_liabilities": 13083289000.0,
            "capital_lease_obligations": null,
            "long_term_debt": 8828985000.0,
            "current_long_term_debt": 796549000.0,
            "long_term_debt_non_current": null,
            "short_long_term_debt_total": 8832285000.0,
            "other_current_liabilities": 130565000.0,
            "other_non_current_liabilities": 2442970000.0,
            "total_shareholder_equity": 4237242000.0,
            "treasury_stock": null,
            "retained_earnings": -4974299000.0,
            "common_stock": 169000.0,
            "common_stock_shares_outstanding": 168797000.0
        },
        {
            "fiscal_date_ending": "2018-03-31",
            "reported_currency": "USD",
            "total_assets": 27271429000.0,
            "total_current_assets": 6383920000.0,
            "cash_and_cash_equivalents": 2665673000.0,
            "cash_and_short_term_investments": 2665673000.0,
            "inventory": 2565826000.0,
            "current_net_receivables": 652848000.0,
            "total_non_current_assets": 12226011000.0,
            "property_plant_equipment": 10519226000.0,
            "accumulated_depreciation_amortization_ppe": 1992548000.0,
            "intangible_assets": 407712000.0,
            "intangible_assets_excluding_goodwill": 346428000.0,
            "goodwill": 61284000.0,
            "investments": null,
            "long_term_investments": 449754000.0,
            "short_term_investments": 120194000.0,
            "other_current_assets": 379379000.0,
            "other_non_current_assets": 415478000.0,
            "total_liabilities": 21551021000.0,
            "total_current_liabilities": 8650359000.0,
            "current_accounts_payable": 2603498000.0,
            "deferred_revenue": 1354715000.0,
            "current_debt": 1755634000.0,
            "short_term_debt": 1998030000.0,
            "total_non_current_liabilities": 12193428000.0,
            "capital_lease_obligations": null,
            "long_term_debt": 8219577000.0,
            "current_long_term_debt": 1915530000.0,
            "long_term_debt_non_current": null,
            "short_long_term_debt_total": 8219577000.0,
            "other_current_liabilities": 2527543000.0,
            "other_non_current_liabilities": 2561886000.0,
            "total_shareholder_equity": 4450695000.0,
            "treasury_stock": null,
            "retained_earnings": -5051292000.0,
            "common_stock": 170000.0,
            "common_stock_shares_outstanding": 169750000.0
        },
        {
            "fiscal_date_ending": "2018-06-30",
            "reported_currency": "USD",
            "total_assets": 27910000000.0,
            "total_current_assets": 6699797000.0,
            "cash_and_cash_equivalents": 2236424000.0,
            "cash_and_short_term_investments": 2236424000.0,
            "inventory": 3324643000.0,
            "current_net_receivables": 569874000.0,
            "total_non_current_assets": 12588125000.0,
            "property_plant_equipment": 10969348000.0,
            "accumulated_depreciation_amortization_ppe": 2188723000.0,
            "intangible_assets": 364690000.0,
            "intangible_assets_excluding_goodwill": 300406000.0,
            "goodwill": 64284000.0,
            "investments": null,
            "long_term_investments": 434841000.0,
            "short_term_investments": 146822000.0,
            "other_current_assets": 422034000.0,
            "other_non_current_assets": 419254000.0,
            "total_liabilities": 22642887000.0,
            "total_current_liabilities": 9141362000.0,
            "current_accounts_payable": 3030493000.0,
            "deferred_revenue": null,
            "current_debt": 1838909000.0,
            "short_term_debt": 2103185000.0,
            "total_non_current_liabilities": 12171812000.0,
            "capital_lease_obligations": null,
            "long_term_debt": 8626114000.0,
            "current_long_term_debt": 2020685000.0,
            "long_term_debt_non_current": null,
            "short_long_term_debt_total": 8626114000.0,
            "other_current_liabilities": 2489234000.0,
            "other_non_current_liabilities": 2607458000.0,
            "total_shareholder_equity": 3906421000.0,
            "treasury_stock": null,
            "retained_earnings": -5768831000.0,
            "common_stock": 170000.0,
            "common_stock_shares_outstanding": 170516000.0
        },
        {
            "fiscal_date_ending": "2018-09-30",
            "reported_currency": "USD",
            "total_assets": 29262713000.0,
            "total_current_assets": 7920491000.0,
            "cash_and_cash_equivalents": 2967000000.0,
            "cash_and_short_term_investments": 2967504000.0,
            "inventory": 3314127000.0,
            "current_net_receivables": 1155001000.0,
            "total_non_current_assets": 12854548000.0,
            "property_plant_equipment": 11246295000.0,
            "accumulated_depreciation_amortization_ppe": 2454339000.0,
            "intangible_assets": 356702000.0,
            "intangible_assets_excluding_goodwill": 291476000.0,
            "goodwill": 65226000.0,
            "investments": null,
            "long_term_investments": 422897000.0,
            "short_term_investments": 504000.0,
            "other_current_assets": 325232000.0,
            "other_non_current_assets": 431819000.0,
            "total_liabilities": 23409144000.0,
            "total_current_liabilities": 9775324000.0,
            "current_accounts_payable": 3596984000.0,
            "deferred_revenue": null,
            "current_debt": 1833475000.0,
            "short_term_debt": 2106538000.0,
            "total_non_current_liabilities": 13232967000.0,
            "capital_lease_obligations": null,
            "long_term_debt": 8665163000.0,
            "current_long_term_debt": 2106538000.0,
            "long_term_debt_non_current": null,
            "short_long_term_debt_total": 8665163000.0,
            "other_current_liabilities": 2595044000.0,
            "other_non_current_liabilities": 2555319000.0,
            "total_shareholder_equity": 4508838000.0,
            "treasury_stock": null,
            "retained_earnings": -5457315000.0,
            "common_stock": 171000.0,
            "common_stock_shares_outstanding": 171578000.0
        },
        {
            "fiscal_date_ending": "2018-12-31",
            "reported_currency": "USD",
            "total_assets": 29740000000.0,
            "total_current_assets": 8307000000.0,
            "cash_and_cash_equivalents": 3686000000.0,
            "cash_and_short_term_investments": 3685618000.0,
            "inventory": 3113000000.0,
            "current_net_receivables": 949022000.0,
            "total_non_current_assets": 13072152000.0,
            "property_plant_equipment": 11330000000.0,
            "accumulated_depreciation_amortization_ppe": 2699000000.0,
            "intangible_assets": 350000000.0,
            "intangible_assets_excluding_goodwill": 282000000.0,
            "goodwill": 68000000.0,
            "investments": null,
            "long_term_investments": 421548000.0,
            "short_term_investments": 192551000.0,
            "other_current_assets": 365671000.0,
            "other_non_current_assets": 572000000.0,
            "total_liabilities": 23427000000.0,
            "total_current_liabilities": 9993000000.0,
            "current_accounts_payable": 3405000000.0,
            "deferred_revenue": 2504000000.0,
            "current_debt": 2222000000.0,
            "short_term_debt": 2567699000.0,
            "total_non_current_liabilities": 13164200000.0,
            "capital_lease_obligations": null,
            "long_term_debt": 8411000000.0,
            "current_long_term_debt": 2567699000.0,
            "long_term_debt_non_current": null,
            "short_long_term_debt_total": 8410490000.0,
            "other_current_liabilities": 372000000.0,
            "other_non_current_liabilities": 2710000000.0,
            "total_shareholder_equity": 4923000000.0,
            "treasury_stock": null,
            "retained_earnings": -5317832000.0,
            "common_stock": 0.0,
            "common_stock_shares_outstanding": 172603000.0
        },
        {
            "fiscal_date_ending": "2019-03-31",
            "reported_currency": "USD",
            "total_assets": 28912524000.0,
            "total_current_assets": 7677822000.0,
            "cash_and_cash_equivalents": 2198000000.0,
            "cash_and_short_term_investments": 2198169000.0,
            "inventory": 3836850000.0,
            "current_net_receivables": 1046945000.0,
            "total_non_current_assets": 11767536000.0,
            "property_plant_equipment": 9850929000.0,
            "accumulated_depreciation_amortization_ppe": 2918587000.0,
            "intangible_assets": 347880000.0,
            "intangible_assets_excluding_goodwill": 273568000.0,
            "goodwill": 74312000.0,
            "investments": null,
            "long_term_investments": 413181000.0,
            "short_term_investments": 169000.0,
            "other_current_assets": 464908000.0,
            "other_non_current_assets": 801867000.0,
            "total_liabilities": 22874618000.0,
            "total_current_liabilities": 9242800000.0,
            "current_accounts_payable": 3248827000.0,
            "deferred_revenue": null,
            "current_debt": 1352596000.0,
            "short_term_debt": 1705711000.0,
            "total_non_current_liabilities": 3632478000.0,
            "capital_lease_obligations": 1137927000.0,
            "long_term_debt": 8650023000.0,
            "current_long_term_debt": 1705711000.0,
            "long_term_debt_non_current": null,
            "short_long_term_debt_total": 8650023000.0,
            "other_current_liabilities": 2757176000.0,
            "other_non_current_liabilities": 2475135000.0,
            "total_shareholder_equity": 4605596000.0,
            "treasury_stock": null,
            "retained_earnings": -5923305000.0,
            "common_stock": 174000.0,
            "common_stock_shares_outstanding": 173682000.0
        },
        {
            "fiscal_date_ending": "2019-06-30",
            "reported_currency": "USD",
            "total_assets": 31872597000.0,
            "total_current_assets": 10181952000.0,
            "cash_and_cash_equivalents": 4955000000.0,
            "cash_and_short_term_investments": 4954740000.0,
            "inventory": 3382358000.0,
            "current_net_receivables": 1147100000.0,
            "total_non_current_assets": 12172124000.0,
            "property_plant_equipment": 10082458000.0,
            "accumulated_depreciation_amortization_ppe": 3248310000.0,
            "intangible_assets": 480833000.0,
            "intangible_assets_excluding_goodwill": 327358000.0,
            "goodwill": 153475000.0,
            "investments": null,
            "long_term_investments": 400308000.0,
            "short_term_investments": null,
            "other_current_assets": 569748000.0,
            "other_non_current_assets": 842978000.0,
            "total_liabilities": 24722136000.0,
            "total_current_liabilities": 9588773000.0,
            "current_accounts_payable": 3133587000.0,
            "deferred_revenue": null,
            "current_debt": 1459828000.0,
            "short_term_debt": 1791085000.0,
            "total_non_current_liabilities": 3837762000.0,
            "capital_lease_obligations": 1328554000.0,
            "long_term_debt": 9905847000.0,
            "current_long_term_debt": 1791085000.0,
            "long_term_debt_non_current": null,
            "short_long_term_debt_total": 9905847000.0,
            "other_current_liabilities": 3149701000.0,
            "other_non_current_liabilities": 2655720000.0,
            "total_shareholder_equity": 5715393000.0,
            "treasury_stock": null,
            "retained_earnings": -6331639000.0,
            "common_stock": 179000.0,
            "common_stock_shares_outstanding": 179118000.0
        },
        {
            "fiscal_date_ending": "2019-09-30",
            "reported_currency": "USD",
            "total_assets": 32795000000.0,
            "total_current_assets": 10940000000.0,
            "cash_and_cash_equivalents": 5338000000.0,
            "cash_and_short_term_investments": 5338000000.0,
            "inventory": 3581000000.0,
            "current_net_receivables": 1128000000.0,
            "total_non_current_assets": 15035000000.0,
            "property_plant_equipment": 10190000000.0,
            "accumulated_depreciation_amortization_ppe": 3528000000.0,
            "intangible_assets": 537000000.0,
            "intangible_assets_excluding_goodwill": 351000000.0,
            "goodwill": 186000000.0,
            "investments": null,
            "long_term_investments": 398000000.0,
            "short_term_investments": null,
            "other_current_assets": 660000000.0,
            "other_non_current_assets": 820000000.0,
            "total_liabilities": 25313000000.0,
            "total_current_liabilities": 10146000000.0,
            "current_accounts_payable": 3468000000.0,
            "deferred_revenue": 3485000000.0,
            "current_debt": 1643000000.0,
            "short_term_debt": 1033000000.0,
            "total_non_current_liabilities": 6061000000.0,
            "capital_lease_obligations": 1217000000.0,
            "long_term_debt": 10096000000.0,
            "current_long_term_debt": 223000000.0,
            "long_term_debt_non_current": null,
            "short_long_term_debt_total": 11129000000.0,
            "other_current_liabilities": 2938000000.0,
            "other_non_current_liabilities": 2676000000.0,
            "total_shareholder_equity": 6040000000.0,
            "treasury_stock": null,
            "retained_earnings": -6188000000.0,
            "common_stock": 0.0,
            "common_stock_shares_outstanding": 180000000.0
        },
        {
            "fiscal_date_ending": "2019-12-31",
            "reported_currency": "USD",
            "total_assets": 34309000000.0,
            "total_current_assets": 12103000000.0,
            "cash_and_cash_equivalents": 6268000000.0,
            "cash_and_short_term_investments": 6268000000.0,
            "inventory": 3552000000.0,
            "current_net_receivables": 1324000000.0,
            "total_non_current_assets": 15251000000.0,
            "property_plant_equipment": 10396000000.0,
            "accumulated_depreciation_amortization_ppe": 3734000000.0,
            "intangible_assets": 537000000.0,
            "intangible_assets_excluding_goodwill": 339000000.0,
            "goodwill": 198000000.0,
            "investments": null,
            "long_term_investments": 1000000.0,
            "short_term_investments": null,
            "other_current_assets": 959000000.0,
            "other_non_current_assets": 1470000000.0,
            "total_liabilities": 26199000000.0,
            "total_current_liabilities": 10667000000.0,
            "current_accounts_payable": 3771000000.0,
            "deferred_revenue": 3842000000.0,
            "current_debt": 1399000000.0,
            "short_term_debt": 785000000.0,
            "total_non_current_liabilities": 6050000000.0,
            "capital_lease_obligations": 1232000000.0,
            "long_term_debt": 10402000000.0,
            "current_long_term_debt": 228000000.0,
            "long_term_debt_non_current": null,
            "short_long_term_debt_total": 11187000000.0,
            "other_current_liabilities": 260000000.0,
            "other_non_current_liabilities": 2691000000.0,
            "total_shareholder_equity": 6618000000.0,
            "treasury_stock": null,
            "retained_earnings": -6083000000.0,
            "common_stock": 1000000.0,
            "common_stock_shares_outstanding": 181000000.0
        },
        {
            "fiscal_date_ending": "2020-03-31",
            "reported_currency": "USD",
            "total_assets": 37250000000.0,
            "total_current_assets": 14893000000.0,
            "cash_and_cash_equivalents": 8080000000.0,
            "cash_and_short_term_investments": 8080000000.0,
            "inventory": 4494000000.0,
            "current_net_receivables": 1283000000.0,
            "total_non_current_assets": 14356000000.0,
            "property_plant_equipment": 10638000000.0,
            "accumulated_depreciation_amortization_ppe": 4072000000.0,
            "intangible_assets": 516000000.0,
            "intangible_assets_excluding_goodwill": 323000000.0,
            "goodwill": 193000000.0,
            "investments": null,
            "long_term_investments": null,
            "short_term_investments": null,
            "other_current_assets": 1045000000.0,
            "other_non_current_assets": 1373000000.0,
            "total_liabilities": 26518000000.0,
            "total_current_liabilities": 11986000000.0,
            "current_accounts_payable": 3970000000.0,
            "deferred_revenue": 3915000000.0,
            "current_debt": 2851000000.0,
            "short_term_debt": 2256000000.0,
            "total_non_current_liabilities": 5994000000.0,
            "capital_lease_obligations": 1187000000.0,
            "long_term_debt": 9479000000.0,
            "current_long_term_debt": 229000000.0,
            "long_term_debt_non_current": null,
            "short_long_term_debt_total": 11735000000.0,
            "other_current_liabilities": 184000000.0,
            "other_non_current_liabilities": 2667000000.0,
            "total_shareholder_equity": 9173000000.0,
            "treasury_stock": null,
            "retained_earnings": -6104000000.0,
            "common_stock": 0.0,
            "common_stock_shares_outstanding": 185000000.0
        },
        {
            "fiscal_date_ending": "2020-06-30",
            "reported_currency": "USD",
            "total_assets": 38135000000.0,
            "total_current_assets": 15336000000.0,
            "cash_and_cash_equivalents": 8615000000.0,
            "cash_and_short_term_investments": 8615000000.0,
            "inventory": 4018000000.0,
            "current_net_receivables": 1495000000.0,
            "total_non_current_assets": 14845000000.0,
            "property_plant_equipment": 11009000000.0,
            "accumulated_depreciation_amortization_ppe": 4430000000.0,
            "intangible_assets": 508000000.0,
            "intangible_assets_excluding_goodwill": 312000000.0,
            "goodwill": 196000000.0,
            "investments": null,
            "long_term_investments": null,
            "short_term_investments": null,
            "other_current_assets": 1218000000.0,
            "other_non_current_assets": 1415000000.0,
            "total_liabilities": 26754000000.0,
            "total_current_liabilities": 12270000000.0,
            "current_accounts_payable": 3638000000.0,
            "deferred_revenue": 3938000000.0,
            "current_debt": 3317000000.0,
            "short_term_debt": 2722000000.0,
            "total_non_current_liabilities": 6253000000.0,
            "capital_lease_obligations": 1169000000.0,
            "long_term_debt": 9247000000.0,
            "current_long_term_debt": 233000000.0,
            "long_term_debt_non_current": null,
            "short_long_term_debt_total": 11969000000.0,
            "other_current_liabilities": 179000000.0,
            "other_non_current_liabilities": 2870000000.0,
            "total_shareholder_equity": 9855000000.0,
            "treasury_stock": null,
            "retained_earnings": -6000000000.0,
            "common_stock": 0.0,
            "common_stock_shares_outstanding": 186000000.0
        },
        {
            "fiscal_date_ending": "2020-09-30",
            "reported_currency": "USD",
            "total_assets": 45691000000.0,
            "total_current_assets": 21744000000.0,
            "cash_and_cash_equivalents": 14531000000.0,
            "cash_and_short_term_investments": 14531000000.0,
            "inventory": 4218000000.0,
            "current_net_receivables": 1766000000.0,
            "total_non_current_assets": 15478000000.0,
            "property_plant_equipment": 11848000000.0,
            "accumulated_depreciation_amortization_ppe": 4814000000.0,
            "intangible_assets": 521000000.0,
            "intangible_assets_excluding_goodwill": 318000000.0,
            "goodwill": 203000000.0,
            "investments": null,
            "long_term_investments": null,
            "short_term_investments": null,
            "other_current_assets": 1238000000.0,
            "other_non_current_assets": 1436000000.0,
            "total_liabilities": 28143000000.0,
            "total_current_liabilities": 13302000000.0,
            "current_accounts_payable": 4958000000.0,
            "deferred_revenue": 4221000000.0,
            "current_debt": 2766000000.0,
            "short_term_debt": 2406000000.0,
            "total_non_current_liabilities": 6514000000.0,
            "capital_lease_obligations": 1131000000.0,
            "long_term_debt": 9428000000.0,
            "current_long_term_debt": 2766000000.0,
            "long_term_debt_non_current": null,
            "short_long_term_debt_total": 11834000000.0,
            "other_current_liabilities": 173000000.0,
            "other_non_current_liabilities": 3049000000.0,
            "total_shareholder_equity": 16031000000.0,
            "treasury_stock": null,
            "retained_earnings": -5669000000.0,
            "common_stock": 1000000.0,
            "common_stock_shares_outstanding": 948000000.0
        },
        {
            "fiscal_date_ending": "2020-12-31",
            "reported_currency": "USD",
            "total_assets": 52148000000.0,
            "total_current_assets": 26717000000.0,
            "cash_and_cash_equivalents": 19384000000.0,
            "cash_and_short_term_investments": 19384000000.0,
            "inventory": 4101000000.0,
            "current_net_receivables": 1895000000.0,
            "total_non_current_assets": 18134000000.0,
            "property_plant_equipment": 12747000000.0,
            "accumulated_depreciation_amortization_ppe": 5117000000.0,
            "intangible_assets": 520000000.0,
            "intangible_assets_excluding_goodwill": 313000000.0,
            "goodwill": 207000000.0,
            "investments": null,
            "long_term_investments": null,
            "short_term_investments": null,
            "other_current_assets": 1346000000.0,
            "other_non_current_assets": 1536000000.0,
            "total_liabilities": 28418000000.0,
            "total_current_liabilities": 14248000000.0,
            "current_accounts_payable": 6051000000.0,
            "deferred_revenue": 4668000000.0,
            "current_debt": 1758000000.0,
            "short_term_debt": 1384000000.0,
            "total_non_current_liabilities": 6962000000.0,
            "capital_lease_obligations": 1094000000.0,
            "long_term_debt": 8462000000.0,
            "current_long_term_debt": 2132000000.0,
            "long_term_debt_non_current": null,
            "short_long_term_debt_total": 9846000000.0,
            "other_current_liabilities": 264000000.0,
            "other_non_current_liabilities": 3330000000.0,
            "total_shareholder_equity": 22225000000.0,
            "treasury_stock": null,
            "retained_earnings": -5399000000.0,
            "common_stock": 1000000.0,
            "common_stock_shares_outstanding": 960000000.0
        },
        {
            "fiscal_date_ending": "2021-03-31",
            "reported_currency": "USD",
            "total_assets": 52972000000.0,
            "total_current_assets": 24705000000.0,
            "cash_and_cash_equivalents": 17141000000.0,
            "cash_and_short_term_investments": 17141000000.0,
            "inventory": 4132000000.0,
            "current_net_receivables": 1900000000.0,
            "total_non_current_assets": 17884000000.0,
            "property_plant_equipment": 13868000000.0,
            "accumulated_depreciation_amortization_ppe": 5389000000.0,
            "intangible_assets": 505000000.0,
            "intangible_assets_excluding_goodwill": 299000000.0,
            "goodwill": 206000000.0,
            "investments": null,
            "long_term_investments": 1331000000.0,
            "short_term_investments": null,
            "other_current_assets": 1542000000.0,
            "other_non_current_assets": 1587000000.0,
            "total_liabilities": 28507000000.0,
            "total_current_liabilities": 14877000000.0,
            "current_accounts_payable": 6648000000.0,
            "deferred_revenue": 4886000000.0,
            "current_debt": 1415000000.0,
            "short_term_debt": 1011000000.0,
            "total_non_current_liabilities": 6941000000.0,
            "capital_lease_obligations": 1034000000.0,
            "long_term_debt": 8019000000.0,
            "current_long_term_debt": 1415000000.0,
            "long_term_debt_non_current": null,
            "short_long_term_debt_total": 9030000000.0,
            "other_current_liabilities": 273000000.0,
            "other_non_current_liabilities": 3283000000.0,
            "total_shareholder_equity": 23017000000.0,
            "treasury_stock": null,
            "retained_earnings": -4750000000.0,
            "common_stock": 1000000.0,
            "common_stock_shares_outstanding": 963000000.0
        },
        {
            "fiscal_date_ending": "2021-06-30",
            "reported_currency": "USD",
            "total_assets": 55146000000.0,
            "total_current_assets": 24693000000.0,
            "cash_and_cash_equivalents": 16229000000.0,
            "cash_and_short_term_investments": 16229000000.0,
            "inventory": 4733000000.0,
            "current_net_receivables": 2140000000.0,
            "total_non_current_assets": 19781000000.0,
            "property_plant_equipment": 15665000000.0,
            "accumulated_depreciation_amortization_ppe": 5824000000.0,
            "intangible_assets": 486000000.0,
            "intangible_assets_excluding_goodwill": 283000000.0,
            "goodwill": 203000000.0,
            "investments": null,
            "long_term_investments": 1311000000.0,
            "short_term_investments": null,
            "other_current_assets": 1602000000.0,
            "other_non_current_assets": 1626000000.0,
            "total_liabilities": 28896000000.0,
            "total_current_liabilities": 16371000000.0,
            "current_accounts_payable": 7558000000.0,
            "deferred_revenue": 5141000000.0,
            "current_debt": 1082000000.0,
            "short_term_debt": 634000000.0,
            "total_non_current_liabilities": 7054000000.0,
            "capital_lease_obligations": 993000000.0,
            "long_term_debt": 6878000000.0,
            "current_long_term_debt": 1082000000.0,
            "long_term_debt_non_current": null,
            "short_long_term_debt_total": 7512000000.0,
            "other_current_liabilities": 292000000.0,
            "other_non_current_liabilities": 3336000000.0,
            "total_shareholder_equity": 24804000000.0,
            "treasury_stock": null,
            "retained_earnings": -3608000000.0,
            "common_stock": 1000000.0,
            "common_stock_shares_outstanding": 984000000.0
        },
        {
            "fiscal_date_ending": "2021-09-30",
            "reported_currency": "USD",
            "total_assets": 57834000000.0,
            "total_current_assets": 25002000000.0,
            "cash_and_cash_equivalents": 16065000000.0,
            "cash_and_short_term_investments": 16095000000.0,
            "inventory": 5199000000.0,
            "current_net_receivables": 1973000000.0,
            "total_non_current_assets": 21886000000.0,
            "property_plant_equipment": 17298000000.0,
            "accumulated_depreciation_amortization_ppe": 6232000000.0,
            "intangible_assets": 470000000.0,
            "intangible_assets_excluding_goodwill": 269000000.0,
            "goodwill": 201000000.0,
            "investments": 30000000.0,
            "long_term_investments": 1260000000.0,
            "short_term_investments": 30000000.0,
            "other_current_assets": 1746000000.0,
            "other_non_current_assets": 1854000000.0,
            "total_liabilities": 29340000000.0,
            "total_current_liabilities": 18051000000.0,
            "current_accounts_payable": 8260000000.0,
            "deferred_revenue": 5386000000.0,
            "current_debt": 1207000000.0,
            "short_term_debt": 698000000.0,
            "total_non_current_liabilities": 7479000000.0,
            "capital_lease_obligations": 999000000.0,
            "long_term_debt": 5439000000.0,
            "current_long_term_debt": 1716000000.0,
            "long_term_debt_non_current": null,
            "short_long_term_debt_total": 6137000000.0,
            "other_current_liabilities": 301000000.0,
            "other_non_current_liabilities": 3486000000.0,
            "total_shareholder_equity": 27053000000.0,
            "treasury_stock": null,
            "retained_earnings": -1990000000.0,
            "common_stock": 1000000.0,
            "common_stock_shares_outstanding": 1004000000.0
        },
        {
            "fiscal_date_ending": "2021-12-31",
            "reported_currency": "USD",
            "total_assets": 62131000000.0,
            "total_current_assets": 27100000000.0,
            "cash_and_cash_equivalents": 17576000000.0,
            "cash_and_short_term_investments": 17707000000.0,
            "inventory": 5757000000.0,
            "current_net_receivables": 1924000000.0,
            "total_non_current_assets": 25281000000.0,
            "property_plant_equipment": 18884000000.0,
            "accumulated_depreciation_amortization_ppe": 6731000000.0,
            "intangible_assets": 457000000.0,
            "intangible_assets_excluding_goodwill": 257000000.0,
            "goodwill": 200000000.0,
            "investments": 131000000.0,
            "long_term_investments": null,
            "short_term_investments": 131000000.0,
            "other_current_assets": 1723000000.0,
            "other_non_current_assets": 2138000000.0,
            "total_liabilities": 30548000000.0,
            "total_current_liabilities": 19705000000.0,
            "current_accounts_payable": 10025000000.0,
            "deferred_revenue": 5881000000.0,
            "current_debt": 1088000000.0,
            "short_term_debt": 587000000.0,
            "total_non_current_liabilities": 8260000000.0,
            "capital_lease_obligations": 991000000.0,
            "long_term_debt": 4254000000.0,
            "current_long_term_debt": 1088000000.0,
            "long_term_debt_non_current": null,
            "short_long_term_debt_total": 4841000000.0,
            "other_current_liabilities": 310000000.0,
            "other_non_current_liabilities": 3546000000.0,
            "total_shareholder_equity": 30189000000.0,
            "treasury_stock": null,
            "retained_earnings": 329000000.0,
            "common_stock": 3000000.0,
            "common_stock_shares_outstanding": 1033000000.0
        },
        {
            "fiscal_date_ending": "2022-03-31",
            "reported_currency": "USD",
            "total_assets": 66038000000.0,
            "total_current_assets": 29050000000.0,
            "cash_and_cash_equivalents": 17505000000.0,
            "cash_and_short_term_investments": 18013000000.0,
            "inventory": 6691000000.0,
            "current_net_receivables": 2321000000.0,
            "total_non_current_assets": 25534000000.0,
            "property_plant_equipment": 20027000000.0,
            "accumulated_depreciation_amortization_ppe": 7266000000.0,
            "intangible_assets": 454000000.0,
            "intangible_assets_excluding_goodwill": 254000000.0,
            "goodwill": 200000000.0,
            "investments": 18521000000.0,
            "long_term_investments": null,
            "short_term_investments": 508000000.0,
            "other_current_assets": 2035000000.0,
            "other_non_current_assets": 2634000000.0,
            "total_liabilities": 30632000000.0,
            "total_current_liabilities": 21455000000.0,
            "current_accounts_payable": 11171000000.0,
            "deferred_revenue": 3781560000.0,
            "current_debt": 1168000000.0,
            "short_term_debt": 677000000.0,
            "total_non_current_liabilities": 8738000000.0,
            "capital_lease_obligations": 900000000.0,
            "long_term_debt": 2253000000.0,
            "current_long_term_debt": 1168000000.0,
            "long_term_debt_non_current": null,
            "short_long_term_debt_total": 2930000000.0,
            "other_current_liabilities": 309000000.0,
            "other_non_current_liabilities": 3839000000.0,
            "total_shareholder_equity": 34085000000.0,
            "treasury_stock": null,
            "retained_earnings": 3649000000.0,
            "common_stock": 1000000.0,
            "common_stock_shares_outstanding": 1036000000.0
        },
        {
            "fiscal_date_ending": "2022-06-30",
            "reported_currency": "USD",
            "total_assets": 68513000000.0,
            "total_current_assets": 31222000000.0,
            "cash_and_cash_equivalents": 18324000000.0,
            "cash_and_short_term_investments": 18915000000.0,
            "inventory": 8108000000.0,
            "current_net_receivables": 2089000000.0,
            "total_non_current_assets": 26936000000.0,
            "property_plant_equipment": 21093000000.0,
            "accumulated_depreciation_amortization_ppe": 7787000000.0,
            "intangible_assets": 437000000.0,
            "intangible_assets_excluding_goodwill": 241000000.0,
            "goodwill": 196000000.0,
            "investments": 19506000000.0,
            "long_term_investments": null,
            "short_term_investments": 591000000.0,
            "other_current_assets": 2118000000.0,
            "other_non_current_assets": 2952000000.0,
            "total_liabilities": 30855000000.0,
            "total_current_liabilities": 21821000000.0,
            "current_accounts_payable": 11212000000.0,
            "deferred_revenue": 6728000000.0,
            "current_debt": 1057000000.0,
            "short_term_debt": 582000000.0,
            "total_non_current_liabilities": 8761000000.0,
            "capital_lease_obligations": 803000000.0,
            "long_term_debt": 2095000000.0,
            "current_long_term_debt": 1057000000.0,
            "long_term_debt_non_current": null,
            "short_long_term_debt_total": 2677000000.0,
            "other_current_liabilities": 337000000.0,
            "other_non_current_liabilities": 3926000000.0,
            "total_shareholder_equity": 36376000000.0,
            "treasury_stock": null,
            "retained_earnings": 5908000000.0,
            "common_stock": 1000000.0,
            "common_stock_shares_outstanding": 1041000000.0
        },
        {
            "fiscal_date_ending": "2022-09-30",
            "reported_currency": "USD",
            "total_assets": 74426000000.0,
            "total_current_assets": 35990000000.0,
            "cash_and_cash_equivalents": 19532000000.0,
            "cash_and_short_term_investments": 21107000000.0,
            "inventory": 10327000000.0,
            "current_net_receivables": 2198000000.0,
            "total_non_current_assets": 28067000000.0,
            "property_plant_equipment": 21926000000.0,
            "accumulated_depreciation_amortization_ppe": 8321000000.0,
            "intangible_assets": 419000000.0,
            "intangible_assets_excluding_goodwill": 228000000.0,
            "goodwill": 191000000.0,
            "investments": 22682000000.0,
            "long_term_investments": null,
            "short_term_investments": 1575000000.0,
            "other_current_assets": 2364000000.0,
            "other_non_current_assets": 3236000000.0,
            "total_liabilities": 33302000000.0,
            "total_current_liabilities": 24611000000.0,
            "current_accounts_payable": 13897000000.0,
            "deferred_revenue": 6993000000.0,
            "current_debt": 979000000.0,
            "short_term_debt": 501000000.0,
            "total_non_current_liabilities": 9168000000.0,
            "capital_lease_obligations": 678000000.0,
            "long_term_debt": 1418000000.0,
            "current_long_term_debt": 979000000.0,
            "long_term_debt_non_current": null,
            "short_long_term_debt_total": 1919000000.0,
            "other_current_liabilities": 342000000.0,
            "other_non_current_liabilities": 4330000000.0,
            "total_shareholder_equity": 39851000000.0,
            "treasury_stock": null,
            "retained_earnings": 9198000000.0,
            "common_stock": 3000000.0,
            "common_stock_shares_outstanding": 3158000000.0
        },
        {
            "fiscal_date_ending": "2022-12-31",
            "reported_currency": "USD",
            "total_assets": 82338000000.0,
            "total_current_assets": 40917000000.0,
            "cash_and_cash_equivalents": 16253000000.0,
            "cash_and_short_term_investments": 22185000000.0,
            "inventory": 12839000000.0,
            "current_net_receivables": 2959000000.0,
            "total_non_current_assets": 32209000000.0,
            "property_plant_equipment": 23548000000.0,
            "accumulated_depreciation_amortization_ppe": 9041000000.0,
            "intangible_assets": 409000000.0,
            "intangible_assets_excluding_goodwill": 215000000.0,
            "goodwill": 194000000.0,
            "investments": 22185000000.0,
            "long_term_investments": null,
            "short_term_investments": 5932000000.0,
            "other_current_assets": 2941000000.0,
            "other_non_current_assets": 3865000000.0,
            "total_liabilities": 36440000000.0,
            "total_current_liabilities": 26709000000.0,
            "current_accounts_payable": 15255000000.0,
            "deferred_revenue": 7464000000.0,
            "current_debt": 1016000000.0,
            "short_term_debt": 530000000.0,
            "total_non_current_liabilities": 10866000000.0,
            "capital_lease_obligations": 568000000.0,
            "long_term_debt": 1029000000.0,
            "current_long_term_debt": 1016000000.0,
            "long_term_debt_non_current": null,
            "short_long_term_debt_total": 1559000000.0,
            "other_current_liabilities": 354000000.0,
            "other_non_current_liabilities": 5330000000.0,
            "total_shareholder_equity": 44704000000.0,
            "treasury_stock": null,
            "retained_earnings": 12885000000.0,
            "common_stock": 3000000.0,
            "common_stock_shares_outstanding": 3164000000.0
        },
        {
            "fiscal_date_ending": "2023-03-31",
            "reported_currency": "USD",
            "total_assets": 86833000000.0,
            "total_current_assets": 42997000000.0,
            "cash_and_cash_equivalents": 16048000000.0,
            "cash_and_short_term_investments": 22402000000.0,
            "inventory": 14375000000.0,
            "current_net_receivables": 2999000000.0,
            "total_non_current_assets": 32988000000.0,
            "property_plant_equipment": 24969000000.0,
            "accumulated_depreciation_amortization_ppe": 9754000000.0,
            "intangible_assets": 399000000.0,
            "intangible_assets_excluding_goodwill": 204000000.0,
            "goodwill": 195000000.0,
            "investments": 22402000000.0,
            "long_term_investments": null,
            "short_term_investments": 6354000000.0,
            "other_current_assets": 3227000000.0,
            "other_non_current_assets": 4584000000.0,
            "total_liabilities": 37598000000.0,
            "total_current_liabilities": 27436000000.0,
            "current_accounts_payable": 15904000000.0,
            "deferred_revenue": 7701000000.0,
            "current_debt": 935000000.0,
            "short_term_debt": 466000000.0,
            "total_non_current_liabilities": 11734000000.0,
            "capital_lease_obligations": 455000000.0,
            "long_term_debt": 817000000.0,
            "current_long_term_debt": 1404000000.0,
            "long_term_debt_non_current": null,
            "short_long_term_debt_total": 1283000000.0,
            "other_current_liabilities": 347000000.0,
            "other_non_current_liabilities": 5979000000.0,
            "total_shareholder_equity": 48054000000.0,
            "treasury_stock": null,
            "retained_earnings": 15398000000.0,
            "common_stock": 3000000.0,
            "common_stock_shares_outstanding": 3169000000.0
        },
        {
            "fiscal_date_ending": "2023-06-30",
            "reported_currency": "USD",
            "total_assets": 90591000000.0,
            "total_current_assets": 43875000000.0,
            "cash_and_cash_equivalents": 15296000000.0,
            "cash_and_short_term_investments": 23075000000.0,
            "inventory": 14356000000.0,
            "current_net_receivables": 3447000000.0,
            "total_non_current_assets": 35431000000.0,
            "property_plant_equipment": 26389000000.0,
            "accumulated_depreciation_amortization_ppe": 10482000000.0,
            "intangible_assets": 465000000.0,
            "intangible_assets_excluding_goodwill": 202000000.0,
            "goodwill": 263000000.0,
            "investments": 23075000000.0,
            "long_term_investments": null,
            "short_term_investments": 7779000000.0,
            "other_current_assets": 2997000000.0,
            "other_non_current_assets": 5026000000.0,
            "total_liabilities": 38409000000.0,
            "total_current_liabilities": 27592000000.0,
            "current_accounts_payable": 15273000000.0,
            "deferred_revenue": 8367000000.0,
            "current_debt": 1015000000.0,
            "short_term_debt": 571000000.0,
            "total_non_current_liabilities": 13244000000.0,
            "capital_lease_obligations": 368000000.0,
            "long_term_debt": 504000000.0,
            "current_long_term_debt": 1459000000.0,
            "long_term_debt_non_current": null,
            "short_long_term_debt_total": 1075000000.0,
            "other_current_liabilities": 370000000.0,
            "other_non_current_liabilities": 6924000000.0,
            "total_shareholder_equity": 51130000000.0,
            "treasury_stock": null,
            "retained_earnings": 18101000000.0,
            "common_stock": 3000000.0,
            "common_stock_shares_outstanding": 3174000000.0
        },
        {
            "fiscal_date_ending": "2023-09-30",
            "reported_currency": "USD",
            "total_assets": 93941000000.0,
            "total_current_assets": 45026000000.0,
            "cash_and_cash_equivalents": 15932000000.0,
            "cash_and_short_term_investments": 26077000000.0,
            "inventory": 13721000000.0,
            "current_net_receivables": 2526000000.0,
            "total_non_current_assets": 37524000000.0,
            "property_plant_equipment": 27744000000.0,
            "accumulated_depreciation_amortization_ppe": 11240000000.0,
            "intangible_assets": 441000000.0,
            "intangible_assets_excluding_goodwill": 191000000.0,
            "goodwill": 250000000.0,
            "investments": 26077000000.0,
            "long_term_investments": null,
            "short_term_investments": 10145000000.0,
            "other_current_assets": 2708000000.0,
            "other_non_current_assets": 5497000000.0,
            "total_liabilities": 39446000000.0,
            "total_current_liabilities": 26640000000.0,
            "current_accounts_payable": 13937000000.0,
            "deferred_revenue": 5265000000.0,
            "current_debt": 1552000000.0,
            "short_term_debt": 1137000000.0,
            "total_non_current_liabilities": 13835000000.0,
            "capital_lease_obligations": 274000000.0,
            "long_term_debt": 2152000000.0,
            "current_long_term_debt": 1967000000.0,
            "long_term_debt_non_current": null,
            "short_long_term_debt_total": 3289000000.0,
            "other_current_liabilities": 434000000.0,
            "other_non_current_liabilities": 7321000000.0,
            "total_shareholder_equity": 53466000000.0,
            "treasury_stock": null,
            "retained_earnings": 19954000000.0,
            "common_stock": 3000000.0,
            "common_stock_shares_outstanding": 3179000000.0
        },
        {
            "fiscal_date_ending": "2023-12-31",
            "reported_currency": "USD",
            "total_assets": 106618000000.0,
            "total_current_assets": 49616000000.0,
            "cash_and_cash_equivalents": 16398000000.0,
            "cash_and_short_term_investments": 29094000000.0,
            "inventory": 13626000000.0,
            "current_net_receivables": 3508000000.0,
            "total_non_current_assets": 46472000000.0,
            "property_plant_equipment": 29725000000.0,
            "accumulated_depreciation_amortization_ppe": 12057000000.0,
            "intangible_assets": 431000000.0,
            "intangible_assets_excluding_goodwill": 178000000.0,
            "goodwill": 253000000.0,
            "investments": 29094000000.0,
            "long_term_investments": null,
            "short_term_investments": 12696000000.0,
            "other_current_assets": 3388000000.0,
            "other_non_current_assets": 4531000000.0,
            "total_liabilities": 43009000000.0,
            "total_current_liabilities": 28748000000.0,
            "current_accounts_payable": 14431000000.0,
            "deferred_revenue": 9651000000.0,
            "current_debt": 1975000000.0,
            "short_term_debt": 1577000000.0,
            "total_non_current_liabilities": 15250000000.0,
            "capital_lease_obligations": 175000000.0,
            "long_term_debt": 2682000000.0,
            "current_long_term_debt": 1975000000.0,
            "long_term_debt_non_current": null,
            "short_long_term_debt_total": 4259000000.0,
            "other_current_liabilities": 517000000.0,
            "other_non_current_liabilities": 8153000000.0,
            "total_shareholder_equity": 62634000000.0,
            "treasury_stock": null,
            "retained_earnings": 27882000000.0,
            "common_stock": 3000000.0,
            "common_stock_shares_outstanding": 3185000000.0
        },
        {
            "fiscal_date_ending": "2024-03-31",
            "reported_currency": "USD",
            "total_assets": 109226000000.0,
            "total_current_assets": 50535000000.0,
            "cash_and_cash_equivalents": 11805000000.0,
            "cash_and_short_term_investments": 26863000000.0,
            "inventory": 16033000000.0,
            "current_net_receivables": 3892000000.0,
            "total_non_current_assets": 47905000000.0,
            "property_plant_equipment": 31436000000.0,
            "accumulated_depreciation_amortization_ppe": 12852000000.0,
            "intangible_assets": 421000000.0,
            "intangible_assets_excluding_goodwill": 171000000.0,
            "goodwill": 250000000.0,
            "investments": 26863000000.0,
            "long_term_investments": 184000000.0,
            "short_term_investments": 15058000000.0,
            "other_current_assets": 3752000000.0,
            "other_non_current_assets": 4616000000.0,
            "total_liabilities": 44046000000.0,
            "total_current_liabilities": 29453000000.0,
            "current_accounts_payable": 14725000000.0,
            "deferred_revenue": 6238000000.0,
            "current_debt": 2135000000.0,
            "short_term_debt": 1809000000.0,
            "total_non_current_liabilities": 15701000000.0,
            "capital_lease_obligations": 160000000.0,
            "long_term_debt": 2739000000.0,
            "current_long_term_debt": 2135000000.0,
            "long_term_debt_non_current": null,
            "short_long_term_debt_total": 4548000000.0,
            "other_current_liabilities": 566000000.0,
            "other_non_current_liabilities": 8480000000.0,
            "total_shareholder_equity": 64378000000.0,
            "treasury_stock": null,
            "retained_earnings": 29011000000.0,
            "common_stock": 3000000.0,
            "common_stock_shares_outstanding": 3189000000.0
        },
        {
            "fiscal_date_ending": "2024-06-30",
            "reported_currency": "USD",
            "total_assets": 112832000000.0,
            "total_current_assets": 52977000000.0,
            "cash_and_cash_equivalents": 14635000000.0,
            "cash_and_short_term_investments": 30720000000.0,
            "inventory": 14195000000.0,
            "current_net_receivables": 3742000000.0,
            "total_non_current_assets": 49373000000.0,
            "property_plant_equipment": 32902000000.0,
            "accumulated_depreciation_amortization_ppe": 13648000000.0,
            "intangible_assets": 413000000.0,
            "intangible_assets_excluding_goodwill": 164000000.0,
            "goodwill": 249000000.0,
            "investments": 30720000000.0,
            "long_term_investments": 184000000.0,
            "short_term_investments": 16085000000.0,
            "other_current_assets": 3951000000.0,
            "other_non_current_assets": 4458000000.0,
            "total_liabilities": 45569000000.0,
            "total_current_liabilities": 27729000000.0,
            "current_accounts_payable": 13056000000.0,
            "deferred_revenue": 6150000000.0,
            "current_debt": 2024000000.0,
            "short_term_debt": 1784000000.0,
            "total_non_current_liabilities": 16524000000.0,
            "capital_lease_obligations": 143000000.0,
            "long_term_debt": 5338000000.0,
            "current_long_term_debt": 2024000000.0,
            "long_term_debt_non_current": null,
            "short_long_term_debt_total": 7122000000.0,
            "other_current_liabilities": 1022000000.0,
            "other_non_current_liabilities": 9002000000.0,
            "total_shareholder_equity": 66468000000.0,
            "treasury_stock": null,
            "retained_earnings": 30489000000.0,
            "common_stock": 3000000.0,
            "common_stock_shares_outstanding": 3194000000.0
        },
        {
            "fiscal_date_ending": "2024-09-30",
            "reported_currency": "USD",
            "total_assets": 119852000000.0,
            "total_current_assets": 56379000000.0,
            "cash_and_cash_equivalents": 18111000000.0,
            "cash_and_short_term_investments": 33648000000.0,
            "inventory": 14530000000.0,
            "current_net_receivables": 3318000000.0,
            "total_non_current_assets": 53249000000.0,
            "property_plant_equipment": 36116000000.0,
            "accumulated_depreciation_amortization_ppe": 14694000000.0,
            "intangible_assets": 411000000.0,
            "intangible_assets_excluding_goodwill": 158000000.0,
            "goodwill": 253000000.0,
            "investments": 33648000000.0,
            "long_term_investments": 184000000.0,
            "short_term_investments": 15537000000.0,
            "other_current_assets": 4888000000.0,
            "other_non_current_assets": 4989000000.0,
            "total_liabilities": 49142000000.0,
            "total_current_liabilities": 30577000000.0,
            "current_accounts_payable": 14654000000.0,
            "deferred_revenue": 6381000000.0,
            "current_debt": 2115000000.0,
            "short_term_debt": 1939000000.0,
            "total_non_current_liabilities": 17580000000.0,
            "capital_lease_obligations": 130000000.0,
            "long_term_debt": 5275000000.0,
            "current_long_term_debt": 2115000000.0,
            "long_term_debt_non_current": null,
            "short_long_term_debt_total": 7214000000.0,
            "other_current_liabilities": 1543000000.0,
            "other_non_current_liabilities": 9810000000.0,
            "total_shareholder_equity": 69931000000.0,
            "treasury_stock": null,
            "retained_earnings": 32656000000.0,
            "common_stock": 3000000.0,
            "common_stock_shares_outstanding": 3207000000.0
        },
        {
            "fiscal_date_ending": "2024-12-31",
            "reported_currency": "USD",
            "total_assets": 122070000000.0,
            "total_current_assets": 58360000000.0,
            "cash_and_cash_equivalents": 16139000000.0,
            "cash_and_short_term_investments": 36563000000.0,
            "inventory": 12017000000.0,
            "current_net_receivables": 4418000000.0,
            "total_non_current_assets": 52904000000.0,
            "property_plant_equipment": 35836000000.0,
            "accumulated_depreciation_amortization_ppe": 15588000000.0,
            "intangible_assets": 394000000.0,
            "intangible_assets_excluding_goodwill": 150000000.0,
            "goodwill": 244000000.0,
            "investments": 36563000000.0,
            "long_term_investments": null,
            "short_term_investments": 20424000000.0,
            "other_current_assets": 5362000000.0,
            "other_non_current_assets": 4215000000.0,
            "total_liabilities": 48390000000.0,
            "total_current_liabilities": 28821000000.0,
            "current_accounts_payable": 12474000000.0,
            "deferred_revenue": 10084000000.0,
            "current_debt": 2343000000.0,
            "short_term_debt": 2230000000.0,
            "total_non_current_liabilities": 18637000000.0,
            "capital_lease_obligations": 222000000.0,
            "long_term_debt": 5535000000.0,
            "current_long_term_debt": 2343000000.0,
            "long_term_debt_non_current": null,
            "short_long_term_debt_total": 7765000000.0,
            "other_current_liabilities": 1549000000.0,
            "other_non_current_liabilities": 10495000000.0,
            "total_shareholder_equity": 72913000000.0,
            "treasury_stock": null,
            "retained_earnings": 35209000000.0,
            "common_stock": 3000000.0,
            "common_stock_shares_outstanding": 3216000000.0
        }
    ],
    "total_quarters": 55,
    "date_range": {
        "start": "2011-06-30",
        "end": "2024-12-31"
    }
}